2321 3835
133 1160 209 1189 Eun.
231 1171 258 1189 v.

277 298 305 339 4
950 315 1147 347 Quaestiones
1164 317 1369 352 Terentianae,
1391 318 1414 352 1,
1433 321 1458 346 1.

1188 1016 1226 1061 Ι.

445 1164 475 1209 l.
507 1163 695 1207 Primum
730 1165 998 1207 tractandum
1031 1166 1133 1207 mihi
1164 1168 1366 1223 proposui
1399 1167 1661 1210 Eunuchi
1695 1185 1732 1212 v.
1766 1172 1845 1213 267

556 1235 641 1277 Sed
672 1237 967 1277 Poermenonem
999 1244 1090 1278 ante
1130 1239 1274 1279 ostium
1318 1238 1494 1280 Thaidis
1535 1241 1686 1281 tristem
1718 1241 1847 1282 video.

270 1304 337 1346 De
389 1320 471 1361 quo
524 1319 620 1346 cum
672 1306 757 1346 iam
809 1304 969 1347 Donati
1021 1307 1286 1363 temporibus
1338 1322 1420 1348 non
1474 1315 1686 1350 constaret
1737 1310 1792 1358 (in
1842 1310 1966 1351 huius
2020 1311 2131 1352 enim

271 1373 440 1416 scholiis
473 1376 675 1431 scriptum
710 1373 902 1416 videmus
935 1382 969 1417 et
1006 1376 1135 1418 leccz's
1168 1377 1345 1433 legitur),
1378 1377 1520 1418 adhuc
1551 1385 1612 1419 tot
1642 1385 1844 1421 vexatum
1879 1381 2132 1422 coniecturis

267 1459 350 1485 non
382 1444 659 1501 probabiliter
692 1459 785 1486 esse
818 1452 1011 1487 sanatum
1043 1446 1112 1487 vel
1146 1462 1200 1487 ex
1231 1447 1516 1500 Fleckeiseni,
1550 1447 1768 1504 VVagneri,
1801 1449 2134 1506 Umpfenbachii

268 1513 521 1556 editionibus
553 1514 701 1556 videre
747 1514 857 1569 licet,
900 1516 940 1557 in
986 1516 1140 1572 quibus
1172 1517 1329 1557 nomini
1369 1517 1556 1569 Thaidis,
1592 1517 1709 1573 quod
1742 1525 1874 1560 metro
1905 1526 2129 1576 repugnat,

269 1599 374 1626 crux
396 1584 541 1625 adfixa
562 1592 636 1627 est.
668 1584 778 1626 Nam
817 1586 1016 1628 Themidis
1047 1585 1116 1627 vel
1154 1587 1328 1628 Thaida·
1345 1586 1518 1638 formae,
1545 1603 1650 1643 quas
1671 1587 1862 1629 Faernus
1885 1595 1926 1630 et
1948 1589 2126 1631 Bothius

267 1661 533 1710 receperunt,
566 1654 690 1711 plane
722 1655 964 1697 reiciendae
997 1662 1106 1699 sunt.
1140 1656 1291 1713 Neque
1324 1657 1472 1698 melius
1506 1672 1600 1699 curn
1634 1658 1727 1699 aliis
1759 1659 1860 1700 viris
1895 1658 2030 1700 doctis
2063 1675 2131 1715 eqo

266 1730 365 1780 post
393 1715 497 1765 illud
528 1739 680 1766 nornen
713 1725 953 1779 adderetur,
994 1740 1076 1781 quo
1114 1725 1258 1767 addito
1291 1727 1428 1782 prima
1459 1727 1634 1768 Thaidis
1667 1728 1831 1783 syllaba
1864 1727 2134 1785 corripienda

269 1799 391 1847 esset,
410 1809 537 1850 quam
554 1809 637 1835 non
658 1795 792 1836 solun]
813 1797 963 1838 ceteris
982 1795 1086 1837 locis
1107 1796 1344 1849 Terentius,
1368 1796 1441 1838 sed
1466 1798 1590 1838 etiam
1617 1797 1766 1839 doctus
1790 1797 1913 1839 huius
1934 1798 2129 1852 imitator,

270 1863 484 1919 Sulpicius
505 1864 778 1920 Apollinaris,
811 1866 852 1906 in
875 1865 1073 1907 Eunuchi
1093 1868 1293 1922 periocha
1314 1866 1528 1923 producit.
1562 1867 1678 1908 Harii
1703 1874 1841 1909 autem
1866 1868 2133 1909 coniecturas

268 1939 383 1973 recte
426 1934 507 1974 iam
540 1934 756 1975 Bentleius
789 1935 1072 1991 vituperavit,
1114 1942 1159 1976 ut
1202 1935 1254 1977 de
1296 1936 1375 1977 hac
1417 1944 1473 1977 set
1506 1937 1797 1978 Parmenonem
1835 1937 2009 1978 Thaidis
2039 1944 2134 1979 ante

267 2005 413 2045 ostium
443 2005 598 2045 tristem
628 2005 743 2046 video
773 2005 873 2046 nihil
907 2005 1061 2059 (licam,
1095 2006 1227 2047 altera
1258 2013 1313 2047 set
1345 2007 1638 2048 Parmenonem,
1669 2014 1761 2048 (mre
1783 2009 1929 2049 osief’um
1947 2006 2133 2049 mulieris

268 2074 419 2114 tristem,
450 2073 574 2128 video,
618 2073 658 2114 id
701 2074 814 2130 quod
846 2075 956 2116 bene
989 2077 1052 2117 vir
1094 2075 1163 2116 ille
1197 2074 1348 2116 doctus
1381 2075 1688 2128 animadvertit,
1734 2077 1826 2117 usui
1858 2076 2129 2129 Terentiano,

269 2157 322 2182 ex
355 2157 437 2197 quo
469 2142 628 2198 ubique
659 2145 841 2187 mallei-is
885 2146 987 2202 (non
1031 2146 1229 2197 mulieris,
1275 2152 1321 2186 ut
1361 2160 1436 2186 nos
1482 2145 1686 2201 solemus)
1720 2147 2030 2202 pronuntietur,
2069 2153 2132 2188 est

269 2211 480 2254 adversa¹.
528 2212 621 2254 Non
654 2214 785 2255 multo
819 2221 1007 2270 praestat
1038 2215 1193 2256 Mureti
1227 2217 1482 2257 meretricem.
1531 2215 1598 2256 An
1631 2215 1719 2256 ulla
1752 2216 1965 2257 Gnathoni
1999 2231 2129 2258 causa

269 2287 345 2332 est,
399 2296 483 2337 qua
524 2285 689 2338 patroni
721 2286 785 2324 sui
818 2285 998 2325 amicam
1032 2291 1116 2325 tam
1150 2285 1304 2326 acerbe
1337 2285 1592 2341 appellarit?
1636 2285 1745 2326 Turn
1785 2301 1924 2341 neque
1957 2286 2130 2327 Thaidis

269 2352 447 2393 nominis
474 2351 540 2392 hic
573 2354 750 2408 repetiti,
783 2370 920 2410 neque
946 2355 1051 2396 alius
1073 2356 1254 2396 notionis
1288 2354 1584 2411 appellativae,
1616 2355 1732 2396 velut
1756 2356 2004 2409 meretricis,
2038 2370 2126 2396 uru—

270 2421 394 2474 lieris,
427 2428 524 2477 post
554 2423 687 2465 verba
718 2425 870 2480 prioris
904 2440 1052 2466 versus

1558 2494 1641 2536 Sed
1673 2511 1740 2550 (190
1770 2511 1875 2537 cesso

443 2561 511 2602 Ad
542 2561 738 2603 Thaidem
769 2564 873 2605 lianc
906 2564 1097 2605 deducere
1129 2571 1162 2605 et
1193 2580 1350 2620 royare,
1383 2565 1438 2605 (ul
1468 2580 1606 2606 cenam
1638 2572 1682 2605 ut
1712 2566 1877 2607 veniat?

272 2627 414 2670 locum
446 2644 552 2683 esse,
587 2632 678 2685 quis
712 2638 773 2673 est
806 2634 905 2688 quin
930 2634 1106 2674 videat?
1137 2634 1231 2675 Non
1257 2634 1351 2687 hoc,
1371 2633 1446 2675 sed
1468 2633 1647 2675 verbum
1671 2633 1844 2690 aliquod
1867 2632 2128 2675 desiderabit

274 2714 324 2740 ac
355 2700 542 2754 requiret
579 2700 756 2755 quilibet
797 2703 1078 2745 Terentianae
1123 2703 1318 2745 dictionis
1356 2705 1531 2760 peritus.
1595 2703 1740 2754 Quare
1773 2704 1898 2745 etiam
1933 2703 1985 2746 Gss
2018 2704 2126 2746 Her-

274 2768 434 2809 manni2
464 2769 598 2810 lenior
630 2772 872 2813 coniectura
903 2788 985 2814 non
1008 2780 1150 2829 potest
1181 2774 1280 2814 mihi
1312 2774 1499 2829 probari,
1525 2774 1596 2828 qui
1629 2772 1873 2829 pyrrhichio
1896 2774 1935 2814 in
1971 2779 2123 2829 quarto

274 2836 382 2891 pede
414 2838 551 2893 posito
589 2845 629 2880 et
662 2839 833 2881 elisione
855 2849 1032 2898 propter
1056 2857 1277 2884 caesuram
1300 2843 1494 2897 neglecta
1526 2842 1799 2884 scribendum
1835 2857 1927 2883 esse
1961 2842 2126 2885 censuit

500 2907 582 2949 Sed
613 2910 903 2952 Parmenotwm
934 2919 1026 2952 (inte
1057 2914 1201 2954 ostium
1232 2915 1297 2954 hic
1334 2913 1510 2954 Thaidis
1540 2915 1693 2954 tristem
1726 2912 1854 2953 video.

274 2975 409 3017 Huius
442 2978 649 3019 sententia
681 2980 806 3020 etiarn
839 2980 873 3022 I.
897 2980 1124 3023 Kraussio³
1154 2984 1291 3024 minus
1323 2982 1496 3038 placuit,
1530 2982 1602 3038 qui
1634 2983 1724 3038 ipse
1757 2981 1961 3023 audacius
1994 2997 2122 3038 quam

273 3047 442 3100 rectius,
476 3048 635 3103 opinor,
670 3050 850 3090 coniecit

500 3116 585 3158 Sed
618 3117 908 3162 Pcw'meaonem
941 3121 995 3162 cccl
1028 3123 1171 3163 ostium
1204 3124 1288 3163 eius
1320 3138 1451 3164 eccum
1481 3123 1630 3163 tristem
1662 3121 1787 3163 videa

412 3232 436 3274 1>
463 3231 566 3264 huius
593 3234 802 3267 substantivi
828 3238 976 3278 primam
1003 3237 1174 3279 syllabam
1203 3249 1272 3269 non
1300 3238 1400 3269 niodo
1427 3240 1461 3269 in
1483 3239 1698 3269 nominativo
1727 3235 1904 3279 (cssAndr.
1922 3237 2022 3276 v.69‚
2043 3238 2121 3276 229,

274 3290 349 3327 38¹,
370 3289 440 3328 alf),
468 3290 529 3321 sed
547 3292 651 3323 ctiam
672 3294 704 3324 in
724 3295 864 3325 casibus
883 3295 1035 3336 obliquis
1055 3297 1134 3327 acui
1152 3296 1313 3327 videmus
1331 3297 1437 3327 Andr.
1460 3297 1522 3327 117
1549 3298 1638 3328 incer
1658 3296 1813 3328 unnim-es»
1833 3319 1839 3324 .
1860 3318 1866 3324 .
1883 3314 1891 3326 .
1908 3293 2004 3335 forle
2021 3305 2123 3326 unam

274 3348 401 3387 aspicio
420 3347 719 3391 ‹ululescmzculam3
738 3363 770 3382 v.
786 3351 871 3385 ibid.
888 3355 962 3393 133,
980 3354 1058 3393 460,
1078 3354 1163 3384 Περ.
1183 3356 1239 3393 35,
1256 3354 1346 3386 Eun.
1362 3356 1438 3393 2¹96,
1457 3355 1533 3393 357,
1549 3355 1625 3391 575,
1641 3354 1718 3391 589,
1734 3354 1811 3391 665,
1827 3353 1904 3390 812,
1924 3355 1967 3381 ct..
1989 3351 2123 3383 Eodem

273 3403 375 3435 modo
394 3409 521 3443 cetera,
548 3417 637 3446 quae
663 3408 1016 3448 proceleusiuaticum
1046 3410 1211 3449 efficiunt,
1237 3411 1346 3441 verba
1366 3411 1573 3451 saepissime
1594 3409 1687 3450 apud
1707 3413 1830 3450 poetas
1849 3409 2031 3439 scaenicos
2050 3410 2122 3441 ictu

272 3471 440 3501 pereussa
466 3464 664 3496 invenimus
692 3466 747 3507 (cf.
775 3467 935 3498 Dziatzk.
966 3469 1018 3501 ed.
1044 3469 1193 3509 Adelph.
1219 3479 1252 3509 p.
1272 3470 1341 3507 95).
1369 3487 1408 3492 --
1439 3468 1463 3511 2)
1492 3470 1526 3499 in
1553 3467 1655 3499 elem.
1675 3466 1784 3499 doctr.
1804 3469 1901 3497 metr.
1931 3476 1962 3507 p.
1986 3469 2060 3499 151.
2081 3484 2122 3491 ——

273 3517 300 3561 ³)
329 3519 362 3551 in
389 3530 476 3552 mus.
503 3521 614 3556 Rhen.
641 3523 709 3554 vol.
736 3524 835 3563 VIII,
861 3536 893 3566 p.
919 3528 984 3557 534
1011 3536 1060 3567 sq.
