2321 3835
699 0 733 18 ’ς’
751 0 831 45 §aaa
854 0 874 19 ‘³
891 0 938 42 §¹53
964 0 986 5 W

731 298 943 330 Prolegomena
963 296 998 323 ad
1019 295 1134 321 lexicon
1154 295 1371 320 Terentianum.
1903 276 1957 319 33

113 433 223 469 vorto
261 426 435 481 eiusque
468 439 677 481 composs.
727 430 768 466 et
809 431 936 465 voster
978 429 1018 464 et
1065 437 1173 478 quae
1219 426 1315 462 sunt
1357 418 1520 472 similia,
1561 415 1712 459 deindo
1756 433 1784 458 u
1825 430 1900 472 pro
1941 415 1959 454 i

113 510 280 551 semper
302 496 341 535 in
366 494 633 551 superlativis
665 500 704 533 et
739 491 1041 543 numeralibus,
1074 498 1119 531 ut
1150 492 1346 540 (lec-umus,
1379 503 1704 543 semafsenswmts,
1738 487 1776 526 in
1809 484 1955 525 formis

112 563 306 616 laco-uma,
340 564 528 614 Zacrvmzo,
562 570 750 613 aestumo,
784 563 988 611 eaez‘stumo,
1035 561 1074 600 in
1119 560 1221 600 lubet
1254 566 1288 600 et
1325 557 1517 600 lubidoff.
1568 556 1716 612 Neque
1751 554 1954 610 Umpfen-

114 631 314 674 bachium
358 633 398 673 in
441 646 490 672 eo
532 632 716 672 imitatus
757 645 862 684 sum,
909 629 1021 685 quod
1055 633 1218 669 constat
1249 627 1328 668 sibi
1359 627 1524 681 quidem
1558 627 1596 666 in
1619 625 1956 665 termis-{undas

117 701 351 743 scribendis
383 708 509 756 atque
543 701 665 741 etiam
701 706 847 740 contra
870 697 1120 740 chbinum
1156 697 1281 753 (utin
1301 696 1472 737 Pliorm.
1510 696 1604 744 531,
1636 695 1731 747 890,
1764 693 1849 748 al.),
1883 692 1955 732 sed

113 786 208 812 cum
247 770 393 812 eodem
439 769 582 810 codice
627 770 734 810 inter
777 767 1261 809 terminationes-endas
1303 766 1520 806 et-umlus
1562 770 1797 805 ceterorum
1829 763 1952 818 parti-

113 841 314 896 cipiorum
359 839 557 892 fluctuat,
605 839 731 878 immo
775 837 905 878 solam
942 837 1049 877 lianc
1081 836 1261 887 servavi,
1295 835 1452 890 quippe
1487 847 1593 888 quae
1626 833 1665 873 in
1698 833 1845 887 partic.
1879 831 1953 871 fut.

111 924 222 965 pass.
265 909 449 950 omnium
495 908 643 949 tertiae
685 914 725 948 et
766 913 954 962 quartae,
997 919 1122 960 quain
1166 910 1336 956 vocant,
1382 902 1684 956 coniugationis
1729 901 1953 942 verborum

113 984 282 1034 praeter
326 993 385 1028 ea,
431 992 608 1033 quorum
652 976 776 1017 radix
816 976 858 1015 in
888 991 928 1026 u,
963 991 1029 1030 qu,
1061 990 1085 1015 v
1118 975 1217 1025 exit,
1263 971 1378 1028 apud
1410 971 1605 1013 Plautum
1640 976 1681 1011 et
1711 969 1953 1010 Terentium

111 1053 224 1089 esset
263 1047 477 1089 usitata&
537 1046 701 1088 Deinde
745 1044 956 1100 simplices
1000 1044 1257 1099 pronominis
1301 1041 1621 1082 demonstrativi
1658 1039 1815 1081 formas
1847 1049 1876 1090 7,
1907 1048 1954 1088 ῖς,

111 1117 185 1173 (ita
216 1130 288 1157 cas
321 1116 578 1157 differentiae
611 1129 740 1156 causa
771 1128 942 1169 semper
973 1112 1242 1168 significavi),
1276 1111 1347 1152 ubi
1379 1112 1467 1152 sive
1503 1111 1543 1151 in
1576 1107 1794 1150 codicibus
1817 1108 1955 1147 insunt

110 1186 198 1226 sive
230 1191 346 1226 certa
376 1200 520 1226 earum
552 1184 727 1237 vestigia
759 1189 978 1238 apparent,
1010 1196 1086 1237 pro
1119 1182 1340 1237 geminatis
1380 1183 1425 1232 ii,
1467 1182 1519 1221 iis
1562 1179 1728 1234 recepi,
1771 1191 1956 1232 namque

111 1260 276 1296 veteres
308 1260 378 1294 aut
408 1256 435 1306 i,
468 1255 504 1294 is
534 1258 605 1293 aut
637 1254 683 1303 ei,
717 1254 773 1293 eis
814 1251 1020 1307 probasse
1062 1257 1179 1291 certa
1219 1266 1285 1292 res
1319 1256 1381 1291 est
1400 1250 1443 1290 Ἡ).
1488 1249 1547 1291 Ut
1578 1249 1660 1289 iam
1695 1248 1748 1288 ad
1781 1261 1902 1288 cons
1915 1262 1954 1287 o-

112 1330 289 1365 nantes
331 1329 557 1375 transeam,
603 1321 738 1362 cidem
783 1321 1043 1361 constantiae
1090 1319 1226 1360 studio
1272 1320 1475 1370 concessi,
1521 1318 1635 1374 quod
1678 1333 1702 1358 a
1739 1317 1956 1372 scripturis

111 1409 200 1449 aps,
236 1391 413 1448 apsolvo,
448 1407 607 1448 (ipsum,
641 1405 818 1446 opsecro,
851 1391 1085 1446 opstipesco,
1118 1397 1361 1445 optempero,
1394 1389 1584 1444 optando,
1619 1395 1733 1444 aput,
1753 1394 1820 1435 set,
1844 1388 1957 1437 havi,

110 1462 226 1514 aliut,
257 1461 360 1512 illut,
393 1461 535 1516 adque,
569 1460 706 1515 adqui,
746 1461 833 1500 sim.
867 1458 1062 1501 abstinui.
1097 1458 1212 1510 Quas
1245 1459 1414 1511 formas,
1449 1472 1705 1514 quamquam
1729 1458 1894 1513 saepius
1916 1457 1956 1496 in

108 1530 316 1571 Bembino
333 1530 368 1554 2⁰
389 1530 560 1585 reperiri
584 1528 794 1579 videbam,
818 1543 954 1583 neque
978 1529 1126 1569 iniuria
1150 1543 1295 1569 earum
1318 1527 1559 1584 complures
1580 1529 1638 1568 ita
1660 1527 1840 1582 scrIptas
1863 1540 1954 1567 esse

112 1599 313 1652 sciebam,
345 1605 486 1639 tamen
519 1613 613 1639 cum
645 1597 680 1638 F
684 1597 939 1651 leckeiseno,
976 1597 1203 1652 Wagnero,
1249 1596 1340 1637 aliis
1372 1597 1536 1651 vulgari
1570 1597 1802 1651 scripturae
1843 1602 1954 1650 post-

111 1669 336 1711 habebam.
369 1666 425 1708 Et
456 1666 591 1708 altera
623 1666 722 1707 mihi
756 1674 845 1707 erat
877 1681 1018 1719 causa,
1053 1681 1127 1707 cur
1149 1681 1225 1722 pro
1248 1666 1394 1707 formis
1418 1667 1457 1706 in
1480 1665 1687 1706 Bembino
1711 1665 1826 1705 varie
1848 1665 1955 1704 inter

114 1753 159 1780 se
191 1738 469 1790 commutatis,
501 1736 618 1777 velut
647 1736 745 1792 quid
777 1742 816 1776 et
847 1738 947 1792 quit,
980 1738 1010 1776 it
1042 1743 1082 1776 et
1114 1737 1168 1789 id,
1201 1737 1255 1778 acl
1289 1743 1329 1776 et
1358 1744 1400 1776 at
1418 1735 1485 1775 vel
1513 1740 1753 1775 constanter
1775 1735 1955 1789 scriptis,

111 1814 157 1849 ut
186 1808 292 1863 quod
321 1820 398 1862 pro
430 1813 535 1862 quot,
559 1806 723 1860 aliquod
744 1820 820 1861 pro
843 1806 1004 1860 aliquot,
1028 1807 1202 1846 usitatas
1234 1806 1474 1857 retinerem,
1506 1804 1615 1845 hanc
1648 1803 1755 1857 dico,
1789 1818 1841 1844 ne
1875 1803 1957 1844 illis

111 1877 293 1932 receptis
325 1883 396 1916 aut
431 1876 599 1930 saepius
622 1875 871 1915 sententiam
893 1875 1026 1930 ipsam
1050 1874 1294 1929 ambiguam
1319 1874 1387 1917 vel
1410 1874 1696 1915 obscuriorem
1730 1873 1954 1915 redderem

112 1953 185 1987 aut
214 1946 424 2000 vulgares,
458 1945 611 2000 quibus
642 1946 742 1985 istas
773 1945 930 1985 formas
977 1944 1252 2001 explicarem,
1298 1944 1529 1999 adiungere
1571 1943 1809 1998 cogerer²¹.
1866 1943 1955 1983 Has

108 2015 319 2056 similesve
364 2014 567 2055 lectiones
610 2015 687 2054 etsi
727 2028 942 2069 nunquam
988 2017 1143 2070 recepi,
1190 2029 1263 2055 suo
1304 2028 1516 2070 quamque
1559 2013 1668 2066 loco,
1711 2013 1955 2068 priusquam

111 2083 306 2140 exempla
336 2083 461 2140 plena
492 2083 714 2136 adferrem,
748 2090 945 2124 accurate
980 2084 1159 2125 enotavi.

244 2169 368 2212 Nunc
393 2184 447 2211 ex
469 2175 715 2225 quaestione
748 2169 995 2210 difficillima
1027 2170 1078 2211 de
1122 2170 1490 2210 assimilatione
1522 2169 1955 2226 praepositionum

108 2253 216 2281 cum
247 2239 416 2281 verbis
459 2245 506 2280 et
547 2241 831 2281 nominibus
875 2241 1266 2296 compositarum
1312 2238 1668 2291 commemorabo,
1711 2240 1751 2279 in
1805 2237 1956 2293 quibus

107 2308 236 2349 rebus
279 2308 539 2364 aliquantum
582 2309 635 2350 ab
679 2309 906 2351 editoribus
941 2309 1192 2365 quibusdam
1225 2309 1295 2350 vel
1327 2310 1522 2350 omnibus
1545 2308 1755 2349 dissentio,
1789 2308 1838 2348 In
1867 2308 1955 2347 uni-

110 2391 280 2419 versum
324 2385 463 2419 autem
508 2379 683 2420 eandem
727 2380 816 2420 fere
860 2380 1077 2429 rationem,
1125 2385 1251 2434 atque
1283 2378 1363 2420 Ph.
1398 2378 1615 2432 XVagner
1638 2376 1672 2402 ²2
1711 2378 1752 2418 in
1783 2376 1955 2429 Vergilii

109 2446 365 2488 carminibus
385 2454 426 2488 et
447 2447 749 2490 Fleckeisen
763 2464 819 2489 us
837 2448 873 2473 2²³
894 2450 934 2489 in
948 2449 1086 2489 Plauti
1103 2448 1257 2489 fabulis
1275 2447 1546 2488 recensendis
1565 2462 1609 2488 se
1627 2449 1810 2488 tenuisse
1829 2445 1954 2501 profi-

108 2522 262 2569 tentur,
285 2516 527 2570 observavi,
552 2518 730 2573 optimos
755 2519 864 2559 enim
889 2518 1059 2559 codices
1081 2519 1140 2559 ita
1162 2524 1331 2559 secutus
1355 2533 1461 2569 sum,
1484 2523 1530 2558 ut
1552 2516 1893 2557 assimilationem
1912 2516 1952 2555 in

108 2586 259 2640 quibus
276 2586 418 2627 verbis
436 2587 594 2642 ubique
611 2589 866 2644 praepositio
893 2594 1056 2629 mutata
1077 2593 1189 2628 esset
1209 2588 1448 2637 retinerem,
1471 2601 1716 2642 respuerem
1741 2587 1778 2625 in
1802 2584 1953 2639 quibus

111 2655 466 2710 praepositionem
491 2656 697 2710 integram
719 2658 923 2699 mansisse
947 2657 1123 2711 singulis
1146 2657 1212 2698 vel
1234 2656 1426 2712 pluribus
1457 2655 1663 2712 exemplis
1687 2654 1952 2711 probaretur.

248 2834 284 2878 ¹7)
306 2835 379 2875 sed,
405 2837 571 2878 quoniam
607 2847 710 2878 quain
731 2836 773 2868 ol)
792 2847 862 2869 rem
881 2837 1068 2877 Fleckeis.,
1094 2835 1269 2875 Dziatzk.,
1290 2836 1333 2867 al.
1355 2837 1390 2866 in
1410 2835 1474 2869 Ph.
1510 2837 1573 2867 702
1605 2840 1725 2867 eontra
1743 2835 1952 2867 Bembinum

108 2893 268 2934 sacrufico
294 2897 328 2924 ct
355 2904 431 2925 cum
459 2903 499 2926 eo
526 2895 732 2935 inctqnisicm,
758 2896 1016 2937 maqmficewffa,
1053 2895 1128 2925 siin.
1161 2895 1357 2936 receperint
1398 2895 1531 2935 ignoro,
1572 2894 1608 2924 in
1633 2896 1780 2934 utraque
1806 2893 1917 2924 forma
1942 2893 1953 2921 i

109 2951 292 2982 retineam.
317 2968 360 2974 —
390 2951 428 2994 ¹⁶3)
454 2952 498 2985 cf.
516 2953 625 2992 Neue,
651 2952 698 2992 ΙΙ,
724 2963 756 2995 p.
776 2955 841 2985 45⁶2
868 2964 942 2995 sqq.
971 2973 1009 2977 -
1042 2953 1078 2994 19)
1106 2964 1139 2986 v.
1158 2952 1326 2983 Ritschel.
1353 2952 1451 2993 proll.
1471 2952 1566 2983 Trin.
1594 2962 1628 2993 p.
1655 2954 1698 2983 98
1725 2955 1757 2983 et
1776 2952 1954 2983 Fleckeis-

64 3021 68 3024 ’
112 3009 213 3050 epist.
243 3009 318 3039 crit.
344 3018 376 3049 p.
402 3010 433 3042 9.
460 3028 500 3032 -—
529 3009 569 3051 2⁰)
597 3014 632 3040 at
656 3021 881 3052 nequaquam
909 3021 1063 3052 semper3
1090 3012 1204 3041 minus
1231 3012 1338 3052 igitur
1364 3014 1465 3042 caute
1493 3012 1527 3040 in
1554 3010 1691 3041 Phorm.
1728 3009 1808 3042 edit.
1853 3020 1884 3050 p.
1911 3010 1953 3040 28

107 3064 281 3097 Dziatzko
308 3065 469 3098 adfirmat
495 3067 537 3098 ‘B
564 3069 599 3098 in
624 3068 665 3099 ab
692 3069 762 3099 mul
786 3069 824 3100 οὐ
848 3069 924 3109 (seht
950 3080 1010 3100 vor
1031 3080 1066 3109 2),
1092 3080 1107 3099 s
1134 3069 1204 3100 11⁷ch
1228 3073 1238 3099 t
1265 3070 1296 3099 in
1319 3079 1346 3107 p
1373 3068 1476 3100 {lbet-⁷.
1503 3067 1568 3097 His
1592 3078 1669 3098 eum
1687 3067 1802 3098 verbis
1820 3066 1953 3098 formae

109 3123 278 3164 plurimae
304 3127 474 3165 pugnant,
508 3135 595 3166 quas
621 3126 694 3166 ipse
721 3126 756 3156 in
782 3126 922 3157 Phorm.
953 3130 985 3157 ct
1012 3125 1159 3167 Adelph.
1188 3126 1266 3157 edit.
1298 3125 1505 3156 Bembinum
1534 3128 1675 3155 secutus
1708 3125 1855 3165 recepit:
1895 3124 1953 3155 alisv

107 3180 170 3212 Ph.
190 3182 266 3221 378,
285 3183 360 3221 617,
380 3183 454 3222 795,
478 3181 542 3215 Ad.
557 3184 641 3224 2543
668 3182 790 3223 (disque
806 3183 870 3214 Ph.
891 3185 973 3223 188,
998 3184 1113 3214 (iheum
1131 3183 1194 3214 Ph.
1216 3185 1291 3221 118,
1312 3184 1387 3221 258,
1406 3184 1485 3221 372,
1503 3184 1579 3220 375,
1598 3184 1675 3220 450,
1695 3181 1758 3223 αἱ,
1784 3181 1950 3213 absolvam

108 3237 172 3269 Ad.
197 3240 284 3279 277,
320 3239 450 3271 obsecro
480 3239 542 3271 Ph.
577 3242 652 3278 112,
687 3241 760 3279 197,
795 3242 870 3278 319,
903 3242 979 3280 803,
1010 3242 1096 3281 944,
1122 3242 1308 3281 obstipuisti
1339 3240 1401 3272 Ph.
1429 3242 1512 3279 991,
1539 3239 1753 3280 οὐδ’έυγῑζῖθιτῐί
1779 3240 1839 3272 Ph.
1866 3241 1954 3280 2843

109 3294 241 3335 obsequi
276 3296 341 3330 Ph.
376 3298 431 3335 79,
463 3297 528 3329 Ad.
560 3299 613 3336 33,
640 3299 722 3337 224,
746 3301 852 3339 atque
879 3298 966 3329 adeo
993 3298 1056 3330 has
1083 3302 1204 3329 contra
1231 3299 1350 3329 Bemb.
1385 3298 1523 3330 scribit:
1562 3297 1694 3329 obsecro
1719 3298 1784 3329 Ad.
1811 3298 1874 3329 281
1903 3298 1952 3339 (at

109 3362 178 3391 ⁰118.
214 3351 277 3383 Ph.
315 3355 411 3395 209),
448 3353 638 3386 (ιῦ-ςοῖυἰιοιε
671 3354 735 3386 Ad.
777 3356 861 3394 2823
904 3355 1067 3388 obtulerat
1103 3356 1167 3386 Ad.
1207 3357 1289 3390 308:
1327 3355 1475 3386 amidis-ti
1514 3355 1579 3387 Ad.
1621 3357 1703 3391 322,
1754 3355 1953 3395 obtemperet

109 3408 173 3439 Ad.
192 3410 268 3449 434,
294 3410 338 3441 al.
365 3430 403 3434 —
433 3411 474 3453 Ἦ)
492 3412 528 3442 id
553 3412 646 3453 quod
670 3413 753 3444 fecit.
771 3413 955 3455 Dziatzko,
982 3425 1013 3444 v.
1042 3415 1114 3445 eius
1143 3414 1271 3445 adnott.
1302 3413 1478 3446 a111³11.v.
1500 3414 1574 3453 159,
1601 3414 1675 3453 705,
1703 3414 1779 3452 832,
1807 3414 1881 3451 900,
1908 3411 1950 3443 al.

110 3483 151 3488 ——
178 3465 220 3509 22)
246 3467 281 3497 in
308 3468 458 3510 orthogr.
485 3470 676 3512 Vergilian.
704 3481 734 3511 p.
761 3473 826 3503 406
854 3482 903 3512 sq.
938 3490 969 3494 —-
999 3471 1039 3511 23)
1067 3472 1102 3502 in
1131 3472 1231 3512 epist.
1260 3473 1368 3502 critic.
1395 3481 1430 3511 p.
1457 3470 1548 3501 XIV.

1725 3530 1745 3559 3
