2321 3835
452 1052 1077 1143 QUAESTIONES
1126 1046 1786 1135 TERENTIANAE.

352 1425 553 1486 Terentii
584 1442 766 1494 fabulae,
807 1442 884 1482 etsi
915 1441 962 1481 iis
994 1441 1161 1482 fortuna
1192 1439 1324 1495 magis
1358 1454 1483 1495 quam
1516 1439 1719 1480 Plautinis
1751 1438 1867 1492 favit,
1900 1444 2042 1480 tamen

198 1529 274 1570 per
310 1520 371 1554 tot
418 1512 587 1555 saecula
629 1511 829 1568 gravibus
871 1510 1038 1551 casibus
1082 1525 1173 1552 esse
1216 1509 1405 1550 adflictas
1444 1515 1485 1550 et
1517 1524 1569 1549 ex
1601 1509 1757 1565 apertis
1790 1508 2041 1564 quibusdam

197 1583 381 1624 omnium
414 1581 606 1623 codicum
647 1579 811 1622 mendis
848 1586 889 1621 et
921 1595 975 1621 ex
1005 1578 1298 1621 innumerabili
1330 1580 1417 1620 fere
1452 1578 1783 1634 discrepantium
1814 1578 2041 1619 lectionum

196 1651 461 1693 multitudine
492 1650 679 1705 intellegi
709 1649 820 1691 licet.

366 1721 455 1762 Illis
486 1719 694 1773 versibus⁷
729 1720 799 1776 qui
831 1719 1025 1761 omnibus
1057 1720 1098 1760 in
1134 1718 1251 1760 libris
1288 1733 1414 1759 manu
1449 1718 1614 1774 scriptis
1646 1717 1831 1773 corrupti
1863 1720 2043 1768 exstant,

195 1793 229 1833 si
261 1792 409 1833 ceteris
458 1805 626 1846 quoque
671 1789 845 1830 alicuius
892 1789 991 1830 fidei
1022 1790 1267 1830 testimoniis
1301 1789 1577 1839 destituimur,
1611 1786 1860 1827 coniecturis
1891 1784 2043 1841 proba-

197 1861 348 1902 bilibus
380 1858 710 1901 succurrendum
756 1864 830 1902 est.
892 1858 970 1899 His
1011 1858 1127 1912 10615,
1174 1858 1326 1914 quibus
1374 1859 1414 1899 in
1448 1857 1596 1898 codice
1628 1857 1835 1898 Bembino
1879 1862 1920 1896 ct
1952 1854 2044 1896 Cal-

199 1930 390 1987 liopianis
424 1929 593 1970 diversa
624 1928 749 1969 lectio
781 1928 1004 1981 invenitur⁷
1040 1934 1222 1983 utraque
1254 1927 1540 1983 grammaticis
1574 1927 1846 1981 metricisque
1879 1924 2043 1979 legibus

197 2006 239 2040 et
281 1999 509 2039 sententiae
552 1997 825 2054 respondens,
870 2012 950 2039 11011
995 1997 1281 2038 recedendum
1327 1998 1404 2038 erit
1446 1996 1499 2037 ab
1547 1995 1656 2037 illius
1700 1995 1857 2036 codicis
1889 1993 2043 2046 verbis,

199 2068 444 2124 praesertim
490 2082 584 2108 cum
628 2068 884 2123 antiquitatis
929 2068 1110 2122 speciem
1154 2082 1255 2123 prae
1299 2082 1343 2108 56
1380 2066 1529 2107 ferant.
1562 2065 1671 2106 Sunt
1701 2070 1922 2121 praeterea
1950 2063 2044 2114 loci,

200 2137 353 2193 quibus
383 2138 424 2178 in
459 2151 622 2178 summo
656 2136 846 2178 codicum
881 2142 922 2178 et
954 2136 1273 2177 scholiastarum
1298 2150 1506 2177 consensu
1536 2136 1771 2177 vetustiore
1803 2134 2044 2175 testimonio

199 2221 432 2261 monemur,
465 2222 517 2248 ne
548 2206 682 2249 verba
704 2206 890 2248 Terentii
921 2221 1057 2262 usque
1088 2205 1142 2247 ad
1176 2211 1369 2261 quartum
1396 2206 1642 2260 quintumve
1674 2203 1889 2245 saeculum
1912 2204 2045 2244 incor-

203 2282 328 2332 rupta
373 2277 577 2317 mansisse
622 2275 858 2318 credamus.
902 2276 1037 2317 Immo
1080 2281 1245 2317 mature
1291 2275 1413 2316 huius
1455 2274 1625 2315 fabulae
1669 2274 2045 2328 grannnaticorum

201 2352 243 2386 et
264 2347 558 2400 magistrorum
583 2360 723 2402 opera,
757 2347 829 2402 qui
861 2360 930 2387 eas
961 2347 1002 2386 in
1045 2345 1198 2387 scholis
1231 2345 1476 2386 lectitabant
1509 2351 1549 2385 et
1581 2343 1865 2399 explicabant,
1888 2342 2046 2397 aliquot

202 2415 501 2458 vetustioribus
533 2421 659 2471 atque
692 2416 881 2470 genuinis
912 2415 1057 2456 formis
1089 2415 1286 2457 videntur
1318 2429 1408 2455 esse
1441 2420 1609 2455 exutae.
1636 2459 1647 2464 x

333 2514 335 2520 .
374 2485 496 2537 Quae
529 2500 622 2526 cum
658 2485 738 2526 alio
767 2485 860 2526 loco
893 2485 1085 2541 pluribus
1117 2484 1372 2541 probaturus
1405 2484 1482 2524 sim
1516 2482 1736 2538 exemplis,
1772 2482 1810 2522 111
1842 2482 1902 2534 115,
1937 2495 2045 2535 quae

207 2561 453 2612 sequuntur,
486 2556 633 2610 paucis
666 2554 955 2596 demonstrare
987 2556 1028 2596 in
1060 2555 1198 2596 animo
1233 2559 1308 2597 est.

376 2623 545 2666 Deinde
589 2630 630 2666 et
663 2624 715 2665 de
748 2625 931 2667 vocativi
969 2624 1113 2665 formis
1159 2624 1422 2665 Graecorum
1460 2622 1673 2663 nominum
1706 2620 1972 2676 propriorum
2006 2619 2047 2659 in

206 2702 267 2735 -ἒε
299 2694 508 2749 syllabam
541 2695 798 2747 exeuntium,
844 2708 1022 2749 quorum
1067 2695 1107 2735 in
1150 2709 1229 2734 usu
1275 2693 1455 2734 editores
1487 2691 1673 2732 Terentii
1706 2689 1833 2732 valde
1864 2690 1972 2730 inter
2003 2703 2047 2729 se

208 2763 464 2818 discrepant,
498 2768 539 2803 et
571 2762 622 2804 de
654 2764 828 2816 ratione,
868 2778 994 2819 quam
1027 2763 1138 2804 idem
1170 2764 1210 2804 in
1241 2762 1461 2805 vocabulis
1491 2761 1666 2802 Graecis
1698 2757 1947 2814 recipiendis
1980 2757 2048 2799 vel

207 2831 414 2873 novandis
447 2838 616 2874 secutus
648 2839 722 2886 651,
755 2833 886 2874 fusius
919 2848 1055 2888 agam.

376 2901 586 2958 Denique,
622 2916 714 2943 cum
751 2909 953 2958 quantum
985 2904 1025 2944 in
1058 2903 1225 2958 syntaxi
1257 2902 1493 2957 priscorum
1525 2900 1775 2956 scriptorum
1799 2896 2047 2938 Latinorum

211 2970 335 3011 etiam
377 2977 474 3026 post
514 2971 584 3014 Fr.
629 2972 711 3014 Gu.
750 2972 907 3013 Holtzii
947 2972 1165 3028 diligentes
1208 2987 1329 3013 curas
1361 2969 1662 3027 praestandum
1695 2969 1758 3021 511,
1792 2967 2048 3023 quicumque

208 3040 271 3080 his
300 3039 445 3080 studiis
477 3041 673 3096 exiguam
707 3056 879 3097 operam
912 3042 1145 3095 navaverit,
1179 3042 1392 3097 cognitum
1424 3040 1582 3081 habeat
1611 3053 1748 3093 neque
1781 3036 1865 3077 ulla
1896 3050 1964 3076 res
1995 3033 2048 3075 ad

209 3124 447 3150 sermonem
478 3109 626 3151 horum
658 3110 999 3166 perspiciendum
1031 3110 1297 3165 neglegenda
1327 3109 1394 3150 vel
1425 3107 1690 3164 aspernanda
1711 3107 1775 3159 511,
1810 3104 2048 3160 quaestiun-

210 3177 326 3219 culas
358 3178 511 3219 addam
545 3177 846 3234 duasfquibus
880 3179 931 3220 de
965 3179 1146 3235 quodam
1179 3177 1484 3234 ὁμοιοτὲλευτον,
1518 3192 1644 3232 quam
1688 3181 1853 3227 vocant,
1886 3173 2047 3227 figurae

209 3262 364 3302 genere
388 3253 429 3288 et
451 3246 503 3288 de
521 3247 824 3289 consuetudine
845 3249 981 3289 minus
1004 3249 1201 3289 usitatam
1221 3248 1433 3288 notionem
1459 3245 1699 3301 explicandi
1723 3259 1818 3285 cum
1843 3242 1895 3284 ab
1919 3242 2047 3283 omni-

208 3315 288 3356 bus
328 3316 478 3371 priscis
511 3316 787 3372 scriptoribus
819 3316 991 3370 Latinis,
1038 3323 1125 3358 tum
1157 3332 1181 3357 a
1213 3316 1411 3357 Terentio
1455 3330 1539 3357 non
1580 3314 1775 3369 neglecta
1820 3325 2076 3368 exponam..

213 3383 402 3434 Quorum
435 3400 558 3426 usum
590 3385 662 3426 ubi
685 3387 919 3442 posteriore
942 3387 1142 3428 sermonis
1165 3385 1304 3426 Latini
1337 3400 1415 3426 usu
1448 3391 1520 3426 aut
1552 3383 1756 3425 similibus
1781 3382 1976 3423 Graecae
2008 3386 2049 3421 et

214 3451 497 3497 Germanicae
529 3454 695 3509 linguae
729 3455 934 3511 exemplis
965 3456 1148 3510 probare
1180 3461 1341 3510 potero,
1374 3455 1554 3509 probare
1586 3468 1667 3493 11011
1700 3451 2046 3507 praetermittam.
