2321 3835
340 267 392 309 38

321 1497 414 1547 alia,

452 393 517 435 Rt.
554 426 604 431 .-
567 395 711 437 —F1.
743 394 890 435 Ritteri
923 394 988 436 ed.
1020 395 1221 448 Andriae,
1256 396 1396 438 Ber.ol
1434 396 1553 438 1833.

452 462 620 505 Ruhnk
655 483 706 500 =
739 463 848 505 Dav.
882 462 1121 505 Ruhnkenii
1153 464 1325 519 dictata,
1357 464 1423 507 ed.
1458 464 1668 519 b'chopen,
1701 463 1836 505 Bonn.
1873 441 1991 506 1825.

450 531 667 573 Schlee=
690 532 761 575 Fr
786 531 914 586 Schl„
940 532 992 573 de
1015 547 1214 573 versuum
1245 534 1286 574 in
1309 534 1481 575 canticis
1507 533 1603 574 Ter.
1639 532 2174 584 ‹2011secut.,sserol.1879.

450 600 607 642 Schub.
636 621 672 636 :-
703 602 754 642 O.
777 600 1002 654 Schubert,
1025 601 1204 656 symbol.
1227 601 1292 642 ad.
1316 601 1413 644 Ter.
1437 603 1615 654 emend„
1636 602 1824 643 Weimar
1851 567 1956 643 1878
1979 600 2175 660 (progr.).

449 695 501 700 -—-
533 676 613 713 aet.
650 690 699 706 :-
735 670 888 725 disput.
920 670 963 710 in
995 671 1100 711 actis
1133 671 1320 714 societat.
1353 670 1492 726 philol.
1527 671 1643 726 Lips
1678 671 1734 724 II,
1767 672 1807 713 2.

447 740 520 795 Sp.
555 759 606 776 .—-
638 740 688 780 A.
723 738 922 794 Spengel,
982 739 1035 780 A.
1069 760 1121 773 =
1155 739 1217 781 ed.
1252 739 1452 792 Andriae,
1486 739 1625 782 Berol.
1659 755 1724 795 ap.
1759 739 1942 783 Weidm.
1983 740 2102 784 1875.

951 808 1030 850 Ad.
1067 829 1114 843 z
1150 808 1215 849 ed.
1249 807 1446 864 Adelph,
1481 808 1618 849 Berol.
1652 823 1718 864 ap.
1752 808 1936 851 Weidm.
1974 810 2096 852 1879.

444 876 589 932 Speck
623 897 673 914 z
706 878 793 933 Sp„
825 877 992 919 observ.
1026 879 1113 919 crit.
1147 878 1187 918 in
1219 877 1316 918 Ter.
1350 877 1445 930 A(l.,
1479 877 1648 918 Vratisl.
1683 877 1805 919 1847.

445 946 505 989 St.
540 966 590 982 :z
626 946 802 988 Godofr.
830 946 1067 988 Stallbaum
1099 947 1138 987 in
1173 945 1271 987 edit.
1293 945 1588 998 westerhovii,
1624 961 1748 1001 quain
1782 961 1867 988 cur.
1901 947 2015 1003 Lips.
2053 949 2175 991 1831.

444 1014 546 1069 Syd.
583 1035 633 1051 z
669 1014 792 1057 Conr.
827 1014 997 1070 Sydow,
1033 1014 1085 1055 de
1118 1014 1201 1055 fide
1231 1014 1431 1055 librorum
1455 1015 1694 1056 Terentian.
1734 1030 1788 1056 ex
1810 1014 1987 1071 Calliop.
2011 1031 2171 1058 recenS.

500 1083 742 1136 ductorum,
776 1083 919 1124 Berol.
959 1083 1076 1124 1878.

441 1151 492 1193 U.
530 1173 578 1189 z
612 1153 681 1195 Fr.
717 1151 1031 1208 Unipt'enbach,
1066 1152 1113 1193 P.
1148 1153 1244 1193 Ter.
1280 1152 1540 1203 comoediae,
1575 1153 1713 1195 Berol.
1754 1154 1872 1195 1870.

444 1247 490 1251 —
526 1221 650 1264 Anal.
685 1243 734 1258 :z
768 1221 976 1262 Analecta
1008 1222 1273 1274 Terentiana,
1306 1237 1448 1277 progr.
1481 1222 1622 1263 Mainz
1660 1223 1952 1264 1873-1874.

439 1290 506 1332 W.
534 1311 582 1328 :-
606 1291 659 1333 A.
691 1291 745 1332 H.
770 1290 1106 1344 XVesterhovius,
1141 1291 1237 1333 edit.
1262 1291 1373 1344 Ter.,
1408 1306 1493 1332 cur.
1530 1292 1582 1333 G.
1617 1291 1866 1344 Stallbaum,
1899 1292 2016 1348 Lips.
2053 1294 2188 1357 1831·

437 1359 532 1401 Wa.
569 1380 618 1396 z
652 1360 778 1402 Willi.
813 1360 1014 1414 lVagner,
1048 1361 1093 1401 P.
1127 1361 1223 1402 Ter.
1258 1361 1518 1413 comoediae,
1553 1360 1811 1416 Cambridge
1848 1362 1970 1405 1869.

445 1455 490 1458 —
527 1429 596 1470 Ht.
633 1451 679 1465 z
717 1429 782 1470 ed.
815 1429 991 1470 Hauton
1023 1430 1177 1482 timon,
1210 1430 1351 1473 Berol.
1389 1432 1519 1483 15723

450 1513 557 1553 quae
590 1499 673 1539 suis
705 1497 810 1539 locis
842 1498 1110 1553 proferentur
1141 1506 1181 1540 et
1213 1515 1288 1555 per
1320 1515 1412 1541 sese
1444 1500 1566 1541 facile
1598 1500 1782 1556 intellegi
1815 1506 2004 1556 possunt.

322 1566 358 1609 3.
392 1567 618 1623 Reliqua,
644 1582 752 1623 quae
776 1567 1043 1619 adhibebani,
1066 1570 1209 1624 signa
1228 1569 1331 1610 llaec
1350 1570 1437 1611 fere
1461 1577 1576 1623 sunt3
1600 1576 1728 1625 atque
1750 1569 1936 1610 indicare
1955 1569 2174 1611 volebam:

439 1635 451 1692 [
483 1635 494 1693 ]
530 1636 592 1677 his
624 1638 741 1677 uncis
760 1638 898 1678 varias
920 1643 961 1679 et
985 1638 1176 1679 codicum
1203 1639 1403 1680 lectiones
1427 1646 1467 1680 et
1490 1640 1717 1680 sententias
1743 1640 1927 1680 virorum
1951 1639 2174 1680 doctorum

550 1705 733 1759 includi,

435 1779 449 1829 ζ
483 1775 498 1830 )
532 1774 686 1816 lunulis
715 1775 849 1817 verba
881 1791 905 1817 a
937 1792 1004 1817 me
1038 1777 1279 1832 explicandi
1313 1793 1440 1819 causa
1471 1778 1639 1819 adiecta
1671 1779 1897 1831 eontineri3

438 1844 441 1891 ἱ
476 1850 721 1885 transversa
752 1844 863 1886 linea
885 1846 995 1887 inter
1018 1845 1101 1887 duo
1127 1847 1335 1888 voeabula
1358 1847 1487 1889 ducta
1508 1849 1646 1904 priore
1669 1848 1800 1889 verbo
1825 1848 1966 1889 claudi
1985 1863 2169 1900 versum,

550 1915 785 1968 posteriore
816 1929 972 1956 novum
1004 1930 1175 1957 versum
1209 1918 1359 1973 incipi3

440 1983 454 2033 ΣΙ
490 1997 709 2024 caesuram
741 1999 912 2038 versus,

436 2080 492 2085 -—
525 2057 659 2092 totum
690 2067 862 2093 versum
895 2053 979 2107 (vel
1011 2069 1090 2095 sex
1121 2055 1207 2096 sive
1250 2055 1344 2111 plus
1377 2055 1607 2111 voeabula)
1653 2058 1762 2098 inter
1809 2056 1941 2098 verba
1984 2056 2168 2098 discreta

547 2121 774 2175 interesse,

523 2224 530 2230 .
564 2192 730 2246 punctis
761 2191 972 2233 vocabula
1003 2192 1177 2234 totidem
1211 2208 1232 2234 e
1264 2195 1407 2235 verbis
1439 2194 1535 2236 Ter.
1570 2209 1661 2235 esse
1694 2196 1869 2249 omissa,

441 2266 593 2304 ><><><
631 2259 823 2301 lacunam
858 2263 980 2302 unius
1012 2278 1190 2316 versus,

433 2330 454 2369 ,7
484 2327 578 2369 loco
611 2331 875 2384 propositum
910 2332 999 2372 eius
1032 2331 1253 2374 lectionem
1288 2332 1460 2374 dubiam
1495 2349 1586 2374 esse
1620 2333 1718 2374 inihi
1751 2334 1908 2387 videri,

433 2396 455 2418 ‘⁴⁹'
487 2398 689 2438 asterisco
732 2397 863 2452 locos,
918 2401 988 2456 qni
1031 2401 1217 2442 Terentii
1260 2418 1340 2443 non
1385 2409 1493 2455 sunt,
1546 2418 1693 2444 versus
1736 2403 1994 2456 subditicios,
2047 2402 2163 2459 Sulp.

543 2466 727 2521 Apollin.
761 2469 961 2524 perioch.,
996 2469 1213 2522 dfflaseal„
1248 2473 1345 2512 exit.
1380 2471 1438 2513 II.
1472 2472 1660 2514 Andriae
1695 2473 1762 2513 vel
1795 2473 2007 2524 lectioneS,
2057 2487 2162 2529 quas

544 2535 598 2576 ab
631 2535 727 2578 Ter.
763 2538 1066 2580 consuetudine
1100 2540 1256 2581 alienas
1290 2556 1381 2582 esse
1415 2542 1627 2593 existimo,

435 2604 444 2627 ¹
477 2603 746 2655 vocabulum,
781 2606 895 2661 quod
926 2609 1110 2662 primum
1143 2610 1256 2665 apud
1288 2610 1383 2651 Ter.
1418 2611 1641 2652 invenitur.

315 2672 410 2714 adn.
446 2695 495 2708 =
529 2673 755 2727 adnotatio,
788 2675 973 2719 adnotat.
1238 2683 1241 2700 ³
1327 2696 1396 2736 pr.
1432 2699 1483 2716 =
1516 2680 1730 2736 prologus.

316 2756 410 2784 ann.
445 2762 496 2778 z
529 2743 627 2782 novi
651 2743 823 2785 annales
856 2760 880 2786 a
904 2746 1112 2789 Fleckeis.
1137 2748 1201 2790 ed.
1333 2756 1512 2804 quaestt.
1534 2768 1584 2785 -—-
1605 2751 1870 2804 quaestiones
1883 2750 2164 2792 Terentianae

314 2825 409 2866 app.
446 2830 495 2847 z
530 2811 756 2866 appendix.
1237 2810 1239 2816 ⁴
1388 2834 1425 2863 a,
1444 2834 1512 2860 ine
1535 2819 1751 2861 confectae
1774 2820 1847 2876 (cf.
1863 2835 1991 2875 supra
2008 2835 2046 2876 p.
2075 2822 2092 2861 1
2112 2846 2164 2851 ——

313 2880 397 2921 did.
431 2900 483 2916 :2
517 2878 757 2922 didascalia.
1388 2888 1473 2943 26).

315 2947 414 2990 dub.
449 2968 499 2985 z
533 2949 709 3002 dubitat,
743 2950 906 2992 dubito.
1236 2957 1239 2980 ³
1330 2971 1441 2998 rece.
1478 2977 1529 2993 z
1562 2959 1815 3000 recentiores
1848 2958 2045 3002 editores.

315 3032 393 3059 em.
428 3037 479 3054 z
513 3019 721 3062 emendat.
1329 3025 1418 3068 sba.
1455 3046 1505 3062 z
1539 3026 1732 3068 subaudi.

313 3102 373 3127 ecc.
406 3087 463 3127 II.
497 3106 548 3123 z
581 3088 717 3129 exitus
749 3088 854 3129 alter
885 3089 1123 3146 (Andriae).
1332 3099 1383 3147 [v.
1418 3094 1459 3151 l]
1496 3115 1546 3131 z
1579 3097 1696 3137 varia
1718 3096 1855 3151 lectio,
1878 3097 2014 3139 variat
2035 3096 2160 3138 lectio

311 3154 406 3196 incl.
441 3174 490 3192 :z
523 3156 698 3198 includit
727 3159 860 3212 uncis,
893 3161 1036 3214 spuria
1066 3167 1195 3216 putat.
1234 3163 1236 3178 '
1386 3164 1522 3219 (verbi
1540 3167 1730 3220 proxime
1748 3167 2050 3220 antecedentis,
2064 3183 2159 3209 raro

311 3238 366 3265 m.
399 3224 476 3266 Rh.
502 3244 553 3261 Ξ
576 3241 669 3267 nov.
704 3242 896 3269 museum
929 3229 1195 3273 Rlienanum.
1233 3247 1235 3256 ¹
1386 3233 1563 3274 duorum
1597 3234 1664 3274 vel
1697 3234 1913 3291 plurium).

314 3306 394 3333 om.
429 3313 479 3329 z
515 3296 676 3349 omittit,
710 3297 867 3356 omitto,
1232 3317 1235 3362 ᾗ
1329 3301 1382 3356 [v.
1423 3302 1475 3359 0.]
1511 3322 1562 3339 z
1596 3304 1734 3344 varius
1772 3304 1875 3345 ordo
1913 3305 2157 3359 (verborum

309 3363 445 3414 perch.
485 3384 526 3398 :—
561 3365 772 3418 periocha.
1231 3363 1235 3408 l
1384 3373 1577 3425 proxime
1614 3373 1991 3430 antecedentium).
