2321 3835
338 238 391 281 28
931 253 1143 286 Prolegomena
1161 254 1198 280 ad
1217 254 1334 280 lexicon
1353 254 1571 279 Terentianum.

508 379 669 420 Tamen
702 379 832 420 multo
849 382 996 434 minor,
1027 387 1075 422 ut
1106 382 1287 436 ingenue
1317 382 1465 433 fatear,
1497 382 1633 438 primo
1656 383 1771 424 visus
1803 389 1867 423 est
1898 382 2019 424 labor
2050 398 2178 440 quam

336 463 461 503 que-m
485 447 636 489 deinde
657 463 724 490 me
747 450 987 505 suscepisse
1009 451 1130 494 sensi.
1162 450 1286 504 Nam,
1310 466 1406 491 cum
1429 450 1704 504 Ribbeckius‚
1723 451 1946 505 Iordanus,
1968 451 2050 506 alii,
2073 466 2179 509 quos

335 532 464 573 supra
497 519 842 571 commemoravi,
885 518 1071 561 indicum
1105 526 1302 561 auctores
1333 519 1466 561 verba
1507 521 1774 576 scriptorum,
1828 535 1938 576 quae
1968 521 2049 577 ipsi
2081 536 2179 563 con-

334 588 566 636 stituerant,
601 587 691 628 sola
721 589 995 644 respicerent,
1030 604 1108 644 ego
1134 588 1459 646 Umpfenbachii
1492 588 1735 642 editionem,
1769 590 1846 631 etsi
1866 603 2022 645 magna
2051 588 2177 632 laude

335 655 463 711 digna
496 662 571 710 est,
606 658 726 712 quasi
758 659 927 699 unicam
962 658 1114 700 ducem
1149 659 1269 714 sequi
1301 674 1384 700 non
1417 659 1546 714 potui.
1597 659 1749 714 Neque
1794 658 1835 699 id
1881 665 2042 700 temere
2081 659 2176 702 feci.

331 724 529 781 Namque
561 741 616 767 ex
649 741 731 783 quo
761 742 869 768 anno
912 727 1018 769 haec
1050 728 1173 769 simul
1203 728 1294 769 fere
1327 743 1423 768 cum
1457 727 1551 770 Gn.
1583 727 1851 782 WVagneri
1894 728 2106 770 editione3
2135 728 2176 770 in

331 793 548 850 publicum
582 795 752 852 prodiit,
804 795 859 837 ad
911 796 1052 838 studia
1092 798 1347 839 Terentiana
1392 797 1527 852 magis
1577 796 1861 838 incubuerunt
1909 798 1989 840 viri
2038 796 2176 839 docti:

332 863 572 920 complures
595 864 795 920 deinceps
818 866 1075 921 singularum
1097 866 1337 908 fabularum
1356 865 1590 919 editiones&
1614 865 1854 922 complures
1875 867 2178 922 grammaticae

332 940 372 974 et
404 934 574 975 criticae
608 942 647 976 ct
679 937 878 977 metricae
911 936 1211 992 disputationes
1243 942 1339 978 sunt
1369 935 1625 992 publicatae,
1659 935 1811 992 quibus
1832 935 2019 978 Terentii
2045 936 2178 978 verba

330 1018 563 1060 eorumque
595 1004 823 1059 explicatio
855 1005 969 1046 haud
1001 1007 1147 1061 paucis
1179 1006 1282 1047 locis
1316 1005 1539 1047 emendata
1571 1011 1679 1048 sunt.
1712 1005 1942 1046 Praeterea
1973 1005 2175 1062 Umpfen-

330 1072 517 1124 bachius,
552 1075 664 1128 quod
696 1075 776 1115 iam
811 1074 879 1115 alii
911 1075 1289 1131 reprehenderunt,
1343 1076 1511 1130 saepius
1554 1090 1636 1116 non
1681 1080 1838 1131 quanta
1879 1075 1922 1115 in
1954 1074 2173 1116 codicibus

328 1143 669 1197 pervestigandis
699 1143 928 1199 diligentia,
952 1150 1069 1185 tanta
1090 1145 1130 1186 in
1155 1145 1495 1200 discrepantibus
1517 1145 1703 1200 priorum
1726 1144 1935 1185 editorum
1959 1145 2176 1200 scripturis

328 1211 561 1253 aliorumve
583 1214 769 1255 virorum
795 1214 1014 1256 doctorum
1042 1216 1256 1256 sententiis
1279 1215 1544 1270 proferendis
1568 1221 1631 1255 est
1654 1230 1753 1256 usus
1770 1222 1784 1238 ‘²
1821 1214 1889 1255 Ex
1908 1215 1955 1254 iis
1978 1213 2174 1269 denique,

328 1297 438 1338 quae
471 1288 512 1323 ct
542 1283 582 1323 in
616 1284 730 1324 initio
762 1284 1032 1339 praefationis
1065 1291 1128 1325 est
1170 1284 1386 1340 professus
1419 1285 1689 1326 emendandas
1729 1286 1867 1340 potius
1898 1301 2020 1340 qaam
2049 1300 2173 1325 emen-

327 1352 448 1392 datas
495 1354 665 1393 emittere
705 1370 745 1394 se
776 1355 823 1396 P.
863 1354 1041 1395 'Ferentio'
1083 1355 1309 1395 comoedias
1350 1360 1402 1404 et,
1447 1368 1557 1409 quae
1590 1354 1629 1394 in
1664 1353 1880 1394 Analectis
1913 1353 2176 1394 Terentianis

325 1420 484 1475 largius
531 1423 742 1462 concessit
779 1439 821 1464 se
863 1425 1129 1464 imstrmnenta
1171 1424 1457 1464 emendationis
1498 1424 1608 1465 *uallo
1638 1440 1710 1464 suo
1743 1424 1892 1465 izewcliczw'o
1941 1425 2175 1478 interposito

325 1491 573 1545 praebuisse,
607 1506 743 1531 nonne
776 1493 914 1546 ipsum
945 1491 1054 1532 hanc
1086 1492 1313 1533 editionem
1361 1493 1531 1533 mininie
1574 1492 1810 1533 absolutam
1854 1493 2175 1547 perfectamque

326 1559 555 1600 verborum
579 1560 763 1601 Terentii
787 1563 1077 1603 recensionem
1102 1563 1344 1603 existimare
1376 1563 1646 1603 manifestum
1679 1562 1774 1603 est‘?
1807 1561 1884 1603 Cui
1905 1561 2066 1602 scilicet
2097 1562 2177 1602 hoc

325 1629 461 1669 solum
496 1630 756 1684 propositum
791 1638 894 1683 erat,
936 1638 982 1672 ut
1014 1633 1292 1688 (natiqm's.s·lmi
1329 1633 1474 1673 codicis
1520 1634 1764 1684 memoriam,
1815 1633 1854 1672 .ςὶ
1896 1631 2039 1687 aliqua
2074 1632 2178 1685 fieri

318 1706 492 1754 poterat,
526 1702 715 1740 tenaciter
744 1702 963 1741 servaretis&
998 1701 1053 1741 At
1088 1702 1126 1741 in
1158 1701 1430 1742 recensendis
1464 1707 1503 1742 et
1535 1700 1811 1741 emendandis
1842 1699 1996 1741 fabulis
2017 1700 2173 1742 Teren-

325 1769 447 1809 tianis
480 1768 608 1809 libros
643 1769 937 1825 Callmpianos,
986 1786 1245 1826 quamquam
1289 1771 1414 1825 longo
1447 1770 1668 1812 intervallo
1711 1770 1866 1811 distant
1896 1786 1921 1810 a
1951 1769 2173 1822 Bembino,

325 1844 466 1879 tamen
499 1839 566 1892 ita,
612 1845 656 1879 ut
696 1838 764 1880 ille
805 1840 1072 1893 existimavit,
1105 1840 1228 1881 nobis
1261 1840 1485 1895 neglegere
1527 1855 1607 1881 non
1649 1839 1760 1881 licet.
1804 1840 1854 1880 ln
1886 1840 1962 1892 his,
1995 1854 2173 1895 quorum

324 1907 585 1964 archetypon
619 1924 671 1948 ex
704 1908 854 1949 eodem
890 1916 1015 1965 atque
1049 1910 1281 1950 Bembinus
1313 1910 1428 1951 fonte
1460 1909 1593 1962 fluxit,
1627 1909 1775 1962 bonas,
1807 1908 2057 1965 aCalliopio
2088 1923 2173 1949 non

325 1983 504 2018 tentatas
537 1978 738 2019 lectiones
773 1985 941 2020 exstare
972 1980 1062 2020 veri
1106 1979 1361 2020 simillimum
1406 1985 1488 2032 est3
1540 1994 1589 2020 ac
1631 1979 1822 2034 profecto
1870 1978 1983 2019 haud
2024 1978 2171 2033 paucis

323 2046 438 2099 locis,
472 2046 625 2102 quibus
657 2048 697 2088 in
730 2048 938 2089 Bembino
972 2048 1105 2089 verba
1138 2055 1338 2104 corrupta
1368 2055 1494 2104 atquc
1527 2049 1671 2104 spuria
1705 2050 1856 2101 insunt,
1900 2050 1943 2089 in
1976 2048 2039 2089 his
2071 2062 2174 2090 vera

324 2122 421 2157 sunt
448 2123 627 2158 servata.
683 2117 751 2157 Ad
798 2117 998 2158 iudicium
1041 2119 1167 2171 igitur
1200 2117 1511 2159 consideratum
1544 2118 1598 2158 de
1642 2119 1742 2160 locis
1776 2117 1914 2159 dubiis
1946 2116 2171 2158 ferendum

323 2194 502 2242 utraque
521 2187 713 2227 codicum
742 2187 901 2228 familia
925 2188 1084 2243 pariter
1106 2187 1349 2228 adhibenda
1373 2194 1426 2239 et,
1451 2187 1521 2228 ubi
1543 2204 1598 2229 cx
1620 2189 1936 2239 sententiarum,
1957 2187 2172 2238 orationis,

322 2270 594 2297 numerorum
630 2257 853 2297 commodo
878 2264 994 2298 certe
1026 2257 1203 2297 iudicari
1229 2258 1387 2313 nequit,
1424 2257 1863 2314 circunispiciendum,
1895 2253 2172 2312 qua'ratione

323 2325 606 2382 discrepantia
648 2333 739 2367 orta
783 2327 846 2370 sit.
900 2326 982 2368 Ubi
1014 2343 1065 2368 ne
1098 2342 1151 2367 ex
1193 2328 1344 2369 erroris
1391 2327 1561 2383 quidem
1595 2327 1894 2383 probabilitate
1938 2327 2168 2383 quicquam

455 2513 480 2555 3)
502 2513 751 2555 Cantabrigiae
779 2513 870 2555 apud
894 2513 1097 2555 Dcighton„
1133 2514 1230 2553 Bell„
1251 2514 1293 2545 al.
1323 2525 1353 2547 a.
1375 2515 1461 2546 186ss
1490 2514 1628 2547 emissa.
1657 2533 1695 2537 —-
1725 2514 1750 2556 ⁴)
1771 2513 1925 2546 Andriae
1945 2513 2040 2547 editt.
2062 2513 2104 2546 ab
2131 2513 2171 2545 A.

323 2570 521 2613 Spengeli0‚
541 2571 656 2602 Bcrol.
676 2582 705 2603 a.
728 2573 813 2603 1875
832 2576 867 2602 et
886 2572 922 2603 (¹.
942 2573 1148 2610 Meissnero,
1168 2572 1360 2613 Bernburg.
1387 2582 1417 2602 a.
1440 2573 1534 2609 1876,
1557 2572 1702 2603 Hauton
1721 2573 1835 2605 timor.
1864 2582 1885 2604 a
1903 2572 1967 2604 Gn.
1984 2573 2173 2615 WVagnero,

322 2629 437 2661 Berol.
463 2639 494 2661 a.
523 2630 620 2666 1872,
648 2629 869 2660 Phormionis
888 2640 908 2661 a
929 2630 967 2662 C.
986 2629 1220 2667 Dziatzkone,
1246 2630 1343 2670 [Αἶρε.
1365 2640 1395 2662 a.
1417 2631 1514 2668 1874,
1533 2630 1681 2672 Adelph.
1700 2630 1744 2662 ab
1771 2631 1811 2662 A.
1831 2629 2030 2672 Spengelio,
2057 2631 2174 2665 Berol.

321 2697 351 2718 a.
379 2689 467 2719 1879
493 2690 527 2718 et
555 2686 592 2718 C.
620 2687 855 2727 Dziatzkone,
887 2688 983 2729 Lips.
1011 2698 1042 2720 a.
1071 2689 1154 2719 1881
1184 2691 1337 2719 curatae.
1359 2706 1398 2710 —
1426 2688 1452 2729 ·”·)
1480 2698 1597 2728 pauca
1622 2688 1779 2720 adseram
1806 2687 1981 2729 exempla:
2007 2688 2116 2722 Andr.
2139 2699 2173 2722 v.

323 2746 389 2776 516
415 2755 436 2776 a
460 2744 596 2776 Rittero
624 2749 658 2776 et
683 2745 858 2778 Fleckeis.
885 2748 1042 2786 spurium
1070 2745 1202 2785 haberi,
1245 2756 1390 2787 quornm
1435 2748 1648 2778 sententiam
1674 2746 1850 2778 Meissner
1876 2750 1910 2778 et
1936 2745 2088 2779 Hoelzer
2115 2746 2173 2789 (de

322 2801 482 2843 interpol.
508 2802 648 2835 Terent.
674 2813 705 2843 p.
734 2804 787 2844 16)
809 2806 843 2834 et
868 2804 994 2844 partim
1022 2802 1059 2833 C.
1083 2802 1238 2834 Conradt
1265 2803 1315 2845 (in
1332 2803 1422 2842 libr„
1449 2815 1552 2845 quem
1579 2805 1780 2846 inscripsit:
1807 2804 1873 2835 Die
1888 2807 1987 2838 metr.
2009 2803 2175 2846 Compos.

322 2858 381 2889 der
401 2859 498 2890 Com.
518 2859 578 2891 des
598 2860 682 2891 Ter.
699 2871 731 2902 p.
752 2860 807 2902 17)
835 2861 996 2902 probant,
1023 2860 1162 2892 silentio
1188 2862 1439 2902 praetermittit
1466 2872 1580 2903 neque
1607 2872 1628 2893 a
1653 2861 1767 2893 Bentl.
1795 2862 1908 2904 (cuius
1935 2861 2016 2894 edit.
2042 2872 2112 2894 cur.
2132 2863 2173 2895 E.

321 2917 500 2951 Vollbehr.
527 2918 645 2949 Kiliae
684 2928 714 2951 a.
744 2919 843 2960 1840)
877 2918 986 2950 verba
1012 2919 1193 2960 transponi
1220 2923 1492 2960 commemorat3
1520 2922 1592 2950 tum
1620 2930 1689 2951 non
1715 2919 1864 2951 adnotat
1890 2919 2038 2952 alteram
2063 2920 2170 2952 Andr.

320 2987 351 3005 v.
377 2977 442 3008 629
467 2978 605 3017 partem
651 2986 671 3007 a
707 2975 885 3008 Fleckeis.
929 2979 962 3007 et
988 2975 1127 3006 Klotzio
1169 2976 1217 3017 (in
1259 2975 1342 3007 edit.
1369 2976 1476 3007 Andr.
1505 2986 1534 3009 a.
1563 2977 1677 3019 1865),
1705 2978 1914 3019 quibuscum
1943 2978 2098 3020 Wagner
2138 2981 2174 3009 et

320 3034 492 3065 Meissner
530 3035 764 3073 consentiunt,
800 3035 852 3064 ita
885 3034 990 3065 scribi
1016 3033 1217 3065 ltomimwnsl
1239 3045 1345 3075 glenus
1365 3045 1587 3075 pessumum;
1613 3037 1835 3068 coniecturae
1863 3038 1899 3068 in
1925 3037 2013 3069 Hec.
2046 3047 2079 3067 v.
2105 3036 2172 3068 297

321 3095 483 3133 receptae
509 3103 578 3123 non
596 3092 745 3123 Bothius
771 3092 899 3133 (neque
915 3091 1133 3131 Stallbaum.‚
1158 3095 1197 3122 ut
1223 3093 1273 3123 ait
1290 3092 1470 3134 lVagncr),
1498 3092 1559 3124 sed
1577 3094 1735 3125 Muretus
1763 3094 1848 3136 (var.
1880 3094 1976 3126 lectt.
2002 3094 2083 3134 XII,
2105 3095 2174 3135 11),

322 3152 443 3180 auctor
469 3152 537 3189 est3
557 3149 681 3181 deinde
706 3151 742 3180 in
770 3149 878 3181 eiusd.
906 3149 974 3181 fab.
999 3160 1031 3183 v.
1052 3151 1116 3181 306
1136 3150 1229 3190 prior
1247 3149 1389 3191 quidem
1414 3161 1536 3182 versus
1556 3161 1636 3193 pars
1664 3163 1706 3183 ex
1722 3151 1837 3183 Bcntl.
1866 3153 1957 3183 coni.
1984 3151 2171 3193 profertur,

322 3206 382 3237 sed
406 3208 587 3248 posterior,
633 3218 702 3238 non
728 3208 844 3238 minus
870 3210 1018 3247 mutata,
1056 3208 1225 3239 omittitur
1266 3210 1312 3239 ris
1338 3219 1451 3240 veram
1476 3209 1579 3241 verba
1604 3208 1650 3240 acl
1674 3211 1839 3241 rationem
1863 3211 1968 3252 exi-qn
2001 3210 2037 3240 in
2063 3209 2173 3242 Haut.

321 3265 393 3297 tim.
412 3275 444 3296 v.
473 3267 512 3296 13
546 3265 661 3298 Bentl.
687 3266 821 3307 recepit
858 3265 949 3298 dedic
973 3267 1003 3297 si
1027 3265 1082 3297 liic
1108 3266 1191 3308 (non
1218 3268 1299 3310 ille),
1326 3267 1370 3298 al.
1407 3286 1450 3290 -—
1487 3267 1514 3308 Γ’)
1540 3267 1593 3299 etl.
1618 3278 1651 3309 p.
1679 3268 1738 3309 783
1776 3271 1893 3299 tamen
1922 3277 2173 3308 nonnunquam

321 3322 398 3352 sine
430 3323 516 3354 satis
541 3323 639 3364 gravi
665 3332 773 3354 causa
799 3333 819 3354 a
844 3323 964 3355 Bemb.
991 3324 1169 3365 scripturis
1196 3325 1382 3356 recessisse
1400 3324 1549 3364 videtur,
1574 3325 1668 3356 utin
1695 3326 1781 3358 Hec.
1806 3337 1841 3358 v.
1867 3326 1943 3365 656,
1969 3325 2078 3357 Haut.
2097 3326 2173 3357 tim.

323 3379 402 3418 928,
446 3380 530 3410 1001
559 3379 615 3421 (cf.
654 3380 693 3411 C.
720 3380 857 3422 Sydow.
885 3380 1012 3422 disput..
1040 3380 1082 3412 de
1112 3380 1178 3412 fide
1215 3381 1381 3413 librorum
1407 3382 1485 3414 Ter.
1514 3392 1555 3412 ex
1582 3381 1671 3414 Call.
1698 3392 1831 3415 recens.
1858 3382 1962 3422 duct„
2000 3382 2114 3414 Berol.
2141 3393 2174 3414 a·

328 3436 413 3468 1878
441 3435 493 3469 ed.
519 3447 550 3477 p.
581 3439 631 3477 1⁴3,
657 3440 712 3478 40,
737 3439 805 3481 55),
832 3439 971 3472 Phorm.
997 3439 1074 3478 863,
1101 3440 1189 3471 Hec.
1216 3440 1281 3471 363
1301 3438 1346 3479 (ν.
1373 3449 1478 3481 supra
1503 3450 1535 3481 p.
1561 3440 1580 3470 6
1606 3440 1684 3482 sq.).
