2321 3835
868 251 1067 284 quaestiones
1087 235 1294 284 Terentianae,
1318 252 1343 284 1,
1364 253 1387 278 1.
2026 243 2053 284 5

198 379 264 420 Ac
307 379 419 420 ferro
461 379 600 421 locum
645 384 692 420 ut
734 382 915 430 sanaret,
954 376 1142 419 Weisius
1183 378 1382 432 tentavit3
1435 392 1618 436 namque
1661 380 1740 422 hoc
1783 395 1909 421 versu
1955 395 2051 422 cum

197 449 434 505 insequenti
465 449 505 490 in
537 463 666 490 unum
701 452 919 488 contracto
952 447 1121 503 scripsit

460 529 546 572 Sed
575 530 865 571 Parmenonem
897 536 989 571 ante
1019 530 1178 580 ostium,
1213 529 1358 571 rivalis
1389 545 1558 582 servom,
1592 532 1731 583 videm

199 624 309 666 quae
351 610 524 651 mutatio
566 615 730 651 tantum
772 609 906 663 abest,
957 615 1001 651 ut
1042 611 1284 652 necessaria
1325 611 1389 664 sit,
1432 617 1477 651 ut
1518 610 1587 652 vel
1637 611 1732 653 ideo
1774 613 2054 668 improbanda

197 680 403 735 videatur,
446 679 561 737 quod
592 682 721 722 tristis
767 679 1023 721 adiectivum
1066 679 1164 721 huic
1205 679 1299 721 loco
1340 681 1604 736 aptissimum
1643 682 1801 723 tollitur
1834 688 1874 723 et
1905 683 2051 736 verba,

199 764 311 806 quae
340 750 496 790 nemini
533 749 600 790 alii
633 749 851 791 offensioni
895 755 1013 791 erant
1051 755 1092 790 et
1132 764 1157 790 a
1200 750 1350 792 Servio
1394 750 1458 791 bis
1501 750 1557 792 ad
1589 751 1747 807 Georg.
1789 753 1865 805 IV,
1903 754 1981 794 104
2013 759 2054 794 et

196 819 300 860 Aen.
334 818 368 872 I,
399 820 483 861 436
516 825 900 861 commemorantur
933 821 977 861 ηί
1004 821 1155 861 mirum
1185 818 1335 876 [hisce]
1367 822 1543 862 homines
1561 822 1733 877 fm'yent,
1768 821 1972 866 delentur,

368 899 545 941 Rectam
580 907 721 942 autem
753 902 864 941 viam
897 901 1113 956 ingressus
1145 907 1208 943 est
1240 901 1471 955 Bentleius,
1504 902 1568 942 vir
1600 903 1909 958 sagacissimus,
1958 920 2052 945 cum

195 968 374 1010 verbum
421 971 661 1026 opperiendi
699 985 776 1026 pro
827 970 1001 1011 Thaidis
1052 971 1219 1012 nomine
1270 972 1414 1012 versui
1464 972 1651 1013 inseruit.
1716 973 1914 1014 Attamen
1966 974 2054 1015 eius

194 1039 424 1080 sententiae
456 1054 630 1094 prorsus
664 1041 855 1081 assentiri
883 1055 1062 1096 nequeo.
1098 1040 1363 1097 Opperiendi
1396 1041 1567 1097 quidem
1601 1043 1728 1096 notio,
1763 1058 1846 1098 qua
1869 1043 2053 1099 aliquem

194 1115 310 1150 certo
335 1109 505 1151 consilio
527 1112 710 1152 maxime
735 1110 905 1152 alterius
930 1111 1211 1167 exspectandi
1244 1126 1372 1152 causa
1402 1111 1557 1152 alicubi
1590 1126 1762 1154 manere
1794 1113 2055 1168 significatur

194 1178 267 1233 (cf.
300 1178 409 1222 Eun.
442 1196 479 1221 v.
513 1182 610 1233 494,
643 1181 738 1233 890,
772 1181 868 1233 895,
902 1181 1073 1222 Phorm.
1098 1180 1164 1232 90,
1199 1179 1383 1236 Adelph.
1410 1182 1507 1234 446,
1539 1181 1626 1238 al),
1660 1181 1757 1223 huic
1791 1181 1883 1223 loco
1917 1183 2054 1224 minus

195 1247 304 1290 bene
334 1250 542 1290 convenit.
575 1249 684 1291 Nam
718 1250 829 1291 unde
864 1249 1034 1291 Gnatho
1068 1265 1092 1291 a
1122 1250 1402 1303 Parmenone,
1438 1266 1563 1306 quem
1598 1252 1723 1293 modo
1758 1258 2053 1308 conspexerat,

192 1318 375 1374 aliquem
426 1321 667 1374 exspectari
717 1320 1044 1376 suspicaretur?
1114 1320 1344 1362 Praeterea
1394 1321 1585 1362 Bentlcio
1638 1321 1875 1377 probabilis
1928 1338 2055 1364 causa

196 1387 354 1441 deerat,
388 1404 473 1445 qua
504 1389 587 1430 loci
620 1389 967 1445 depravationem
1002 1389 1250 1445 explicaret.

371 1469 514 1523 Quare
547 1471 625 1512 iam
669 1472 747 1528 ipsi
791 1487 899 1528 quae
946 1473 1067 1514 nobis
1110 1472 1309 1514 videntur
1352 1473 1540 1515 breviter
1582 1474 1848 1529 attingemus.
1912 1475 2054 1531 Atque

199 1540 480 1581 Terentianae
513 1542 769 1598 quicumque
803 1541 975 1583 dicendi
1018 1542 1336 1584 consuetudinis
1378 1544 1580 1584 rationem
1626 1543 1835 1597 habuerit,
1888 1546 1921 1585 si
1963 1546 2055 1601 quis

196 1609 377 1651 alterum
401 1610 541 1651 subito
566 1613 812 1668 conspicere
837 1612 999 1666 (licitur,
1023 1613 1192 1668 saepius
1227 1628 1322 1653 cum
1353 1615 1569 1669 conspecti
1602 1614 1772 1654 nomine
1805 1614 1955 1655 eundi
1989 1615 2053 1656 vel

199 1680 372 1721 standi
402 1680 581 1722 verbum
606 1682 849 1737 copulatum
875 1682 1052 1722 inveniri
1076 1683 1191 1723 sciet.
1224 1682 1295 1723 Ex
1326 1682 1466 1724 multis
1500 1684 1707 1740 exemplis
1740 1699 1878 1740 pauca
1908 1684 2054 1725 adfero

196 1767 326 1792 eccum
357 1752 647 1793 Parmenonem
680 1752 856 1793 incedere
892 1753 1001 1793 video
1034 1751 1143 1793 Eun.
1178 1768 1216 1793 v.
1250 1754 1354 1806 9183
1402 1754 1471 1794 sed
1514 1770 1642 1795 eccum
1680 1756 1813 1810 ipsum
1854 1755 1967 1796 video
2014 1756 2055 1796 ίη

195 1828 370 1877 tempore
402 1822 477 1862 huc
503 1837 543 1862 se
574 1823 747 1877 recipere
781 1822 949 1862 Phorm.
984 1823 1090 1875 464,
1124 1823 1194 1864 sed
1215 1824 1480 1879 Pamphilam
1514 1825 1646 1879 ipsum
1682 1824 1794 1865 video
1825 1832 1934 1866 stare
1963 1832 2055 1865 ante

195 1892 339 1932 ostium
372 1889 480 1935 Hec.
512 1891 619 1943 4253
670 1892 740 1933 sed
770 1892 1012 1933 Bacchidem
1043 1908 1170 1933 eccam
1215 1893 1324 1934 video
1365 1900 1478 1934 stare
1511 1901 1604 1934 (mere
1634 1896 1780 1935 <hstium
1812 1893 1912 1936 ibid.
1945 1895 2050 1947 8:543

193 1958 327 2000 Andr.
360 1960 456 2011 475,
498 1961 548 2002 al.
584 1961 678 2002 Hoc
721 1961 857 2002 standi
890 1961 1022 2002 verbo
1066 1961 1168 2002 nihil
1201 1961 1308 2016 loco,
1343 1978 1470 2018 quem
1504 1968 1748 2015 tractamus,
1781 1964 1920 2020 aptius
1958 1979 2050 2005 esse

193 2030 413 2083 existimo,
446 2045 543 2070 nam
575 2046 677 2071 111οΧ
708 2031 749 2072 111
783 2047 820 2073 V.
844 2033 923 2073 271
960 2031 1176 2073 Gnathoni
1208 2033 1482 2087 interroganti
1515 2034 1614 2089 quid
1636 2036 1809 2089 afflui-‚⁶2
1840 2034 2049 2074 Parmeno

194 2107 330 2140 statm-
361 2099 604 2156 respondet,
659 2101 724 2141 cui
775 2107 920 2157 aperte
966 2101 1020 2141 ad
1062 2102 1204 2157 priora
1248 2102 1381 2143 verba
1431 2103 1662 2158 respiciens
1717 2103 1887 2145 Gnatho
1941 2104 2052 2145 video

192 2168 421 2224 subiungit.
455 2169 590 2223 Adde,
627 2170 740 2226 quod
772 2171 812 2211 in
845 2188 884 2213 v.
908 2174 990 2213 286
1025 2171 1090 2212 hic
1121 2171 1253 2225 illum,
1287 2173 1357 2227 qui
1391 2187 1435 2213 se
1468 2172 1562 2213 loeo
1595 2188 1677 2214 non
1710 2179 1866 2226 movet,
1901 2172 2050 2214 eodem

196 2238 322 2280 modo
353 2240 577 2296 increpitat
607 2242 729 2281 etiam
762 2257 866 2282 ηιυιο
898 2243 960 2282 hic
1000 2249 1096 2293 stus,
1131 2243 1363 2283 Parmeno?
1414 2242 1565 2283 §tandi
1610 2244 1736 2297 igitur
1781 2243 1959 2285 verbum
2010 2243 2051 2283 in

195 2308 427 2365 archetypo
460 2308 588 2350 fuisse
621 2312 780 2365 opinor.
814 2311 937 2364 Tum,
972 2312 1168 2366 quoniam
1195 2311 1308 2352 haud
1333 2311 1460 2353 dubie
1487 2312 1569 2354 (luo
1594 2314 1700 2354 ostia
1722 2314 1830 2354 intra
1854 2327 2050 2354 scaenam

196 2379 425 2433 conspicua
458 2385 588 2431 erant,
643 2386 782 2421 utrum
815 2381 1132 2436 intellegeretur
1164 2381 1274 2422 bene
1306 2381 1549 2423 distinctum
1583 2383 1711 2424 fuisse
1744 2389 1844 2439 puto
1861 2383 1874 2407 ’¹
1907 2383 2050 2424 addito

193 2448 444 2503 pronomine
487 2449 631 2490 huius
675 2450 785 2504 (sivo
829 2451 954 2505 eius)
998 2452 1022 2492 i.
1059 2467 1092 2494 e.
1126 2451 1323 2505 Thaidis,
1368 2453 1485 2493 cuius
1530 2468 1683 2494 nomen
1717 2468 1742 2493 a
1773 2454 2050 2507 grammatico

194 2517 380 2573 quodam
403 2519 443 2558 in
466 2518 700 2576 archetypo
733 2535 862 2576 supra
894 2522 1018 2563 haias
1042 2529 1151 2563 stare
1183 2523 1415 2578 ascriptum
1449 2524 1489 2564 in
1510 2523 1696 2566 Terentii
1720 2522 1853 2565 verba
1883 2523 2052 2579 irrepsit

195 2582 336 2644 eaque
369 2588 459 2643 ipsa
491 2588 758 2632 oblitteravit.

365 2667 487 2721 Quae
520 2685 616 2710 cum
652 2671 709 2712 ita
744 2671 836 2724 sint,
870 2671 1011 2713 locum
1043 2672 1101 2712 ita
1135 2673 1420 2714 constituerim

1561 2756 1646 2797 Sed
1676 2772 1742 2811 egso
1773 2771 1878 2796 cesso

460 2832 528 2874 Ad
565 2833 763 2875 Thaidem
793 2836 897 2876 hanc
928 2836 1120 2877 deducere
1151 2843 1185 2876 et
1218 2851 1370 2891 reflare,
1404 2838 1460 2878 ad
1489 2853 1626 2878 cenam
1661 2845 1701 2877 nt
1736 2839 1893 2878 veniat?

443 2914 546 2957 -Sed
576 2916 866 2957 Parmenonem
897 2924 988 2957 (tute
1019 2919 1167 2959 ostium
1198 2919 1359 2959 huius
1391 2926 1542 2961 staro
1572 2921 1725 2961 tristem
1758 2918 1880 2969 video,

460 2997 622 3038 Rivalis
653 3013 817 3038 servom.

369 3078 433 3118 De
457 3092 633 3119 caesura
655 3093 803 3119 versus
829 3078 1079 3120 secundaria
1101 3079 1216 3136 (post
1237 3095 1427 3136 pronom.
1453 3082 1610 3136 liuius),
1636 3095 1731 3121 cum
1755 3081 1869 3137 apud
1892 3081 2047 3122 Teren-

195 3152 298 3192 tium
330 3147 622 3203 undeviginti5
653 3148 927 3189 confirmetur
969 3149 1187 3204 exemplis,
1227 3150 1348 3205 plura
1391 3150 1549 3191 addere
1582 3165 1948 3206 supervacaneum
1982 3152 2046 3191 sit.

325 3290 352 3332 4)
381 3290 424 3321 de
451 3288 573 3321 eodem
602 3289 694 3320 ostio
729 3289 871 3321 Terent.
899 3291 933 3320 et
958 3289 993 3320 in
1019 3300 1050 3319 v.
1078 3290 1143 3321 895
1172 3292 1206 3321 et
1233 3291 1297 3322 975
1336 3300 1444 3331 agens
1479 3290 1582 3322 simili
1621 3290 1723 3322 modo
1750 3290 1803 3322 hic
1829 3294 1904 3322 ante
1931 3292 2048 3322 ostium

196 3348 327 3381 scribit.
355 3348 407 3382 Cf,
437 3347 542 3379 Andr.
570 3348 634 3379 725
661 3351 739 3379 ante
764 3351 912 3379 nostram
940 3349 1088 3379 ianuam.
1112 3367 1151 3373 —
1172 3350 1196 3390 ὖ)
1226 3349 1268 3379 cf.
1288 3349 1373 3380 Hec.
1394 3350 1470 3388 833,
1498 3349 1589 3380 Eun.
1617 3350 1692 3389 ⁴288,
1722 3350 1819 3387 1009,
1847 3349 1953 3380 Haut.
1972 3349 2046 3380 tim.

196 3407 272 3446 729,
299 3406 440 3438 Phorm.
469 3407 544 3445 759,
572 3408 616 3437 ct.
643 3406 727 3447 Egit
755 3405 797 3437 de
825 3415 866 3436 ea
892 3406 1044 3449 Reissig.
1071 3407 1104 3437 in
1133 3408 1330 3439 coniectan.
1357 3408 1393 3439 in
1423 3408 1528 3439 Arist.
1556 3418 1583 3440 o.
1604 3407 1668 3447 III,
1694 3418 1726 3449 p.
1748 3408 1811 3438 117
1840 3410 1874 3439 et
1900 3407 2044 3439 Krauss.

195 3465 230 3495 in
256 3475 344 3496 mus.
371 3464 481 3496 Rhen.
508 3463 606 3504 VIII,
635 3474 667 3505 p.
693 3465 755 3495 541
786 3474 861 3505 sqq.
