2321 3835
708 364 920 395 Prolegomona
939 364 976 388 ad
996 362 1111 387 lexicon
1132 362 1349 387 Terentianum.
1885 348 1934 388 31

89 502 198 544 quae
228 488 386 546 ubique
427 491 517 532 fere
550 505 644 532 cum
679 489 757 530 illis
789 489 956 529 iunctae
998 487 1208 541 leguntur.
1241 484 1392 539 Neque
1425 484 1670 525 Andriae
1701 484 1935 524 alterum

88 559 294 600 exitum
313 559 345 585 ¹⁰
374 561 586 616 respicere
629 557 834 600 recusavi.
869 555 996 597 Cuius
1043 561 1107 595 sat
1149 554 1405 609 depravatae
1438 568 1615 593 scaenae
1649 568 1742 593 cum
1777 552 1935 593 nullum

87 627 359 682 vocabulum,
392 628 507 685 quod
538 635 654 670 recte
701 629 741 669 in
775 625 992 668 codicibus
1039 623 1240 664 traditum
1274 629 1396 675 esset,
1450 623 1703 674 omisissem,
1747 623 1938 673 graviora

89 696 188 738 licet
218 697 504 754 probabiliora
534 699 720 740 virorum
756 696 977 737 doctorum
1011 693 1301 734 additamenta
1327 692 1471 747 putavi
1505 690 1775 731 secludenda.
1798 691 1936 730 Etiam

90 765 191 807 alibi
231 772 340 808 totos
385 782 531 808 versus
577 766 746 807 refictos
780 762 1106 820 praetermisi¹¹.
1168 761 1275 802 Nam
1311 761 1403 816 quis
1437 766 1512 812 est,
1547 761 1617 815 qui
1650 760 1805 800 talibus
1838 759 1939 799 lovis

90 835 142 875 de
173 835 344 890 singulis
374 835 518 877 verbis
552 833 853 892 spoponderit?
906 858 952 862 ——
989 832 1117 872 Locis
1149 836 1287 870 autem
1323 829 1400 869 illis
1432 844 1513 869 non
1547 829 1825 879 ΤΜ-0111101113,
1859 844 1940 883 quo

91 903 254 944 facilius
285 920 308 944 a
342 905 538 945 versibus
572 902 836 946 Terentianis
870 906 1207 952 secernerentur,
1240 899 1486 939 asteriscum
1521 898 1577 952 (³²)
1611 897 1834 940 addelimn.

222 982 320 1037 Sed,
355 986 550 1040 quoniam
596 985 647 1025 de
680 984 740 1023 his
772 982 901 1023 rebus
934 981 1032 1021 satis
1077 980 1232 1020 dictum
1278 986 1353 1031 cst,
1389 978 1627 1033 quomod
1642 994 1664 1019 0
1711 980 1940 1032 singula

91 1052 496 1094 vocabulorum
530 1068 679 1095 exem
696 1053 789 1108 pla
822 1050 1161 1104 digesserim
1197 1048 1374 1089 docebo.
1422 1049 1566 1103 Atque
1598 1047 1702 1088 haec
1735 1063 1814 1089 non
1849 1050 1940 1089 sim-

30 1150 36 1158 ,
91 1121 258 1176 pliciter
285 1123 517 1164 secundum
543 1137 743 1163 versuum
778 1120 967 1161 ordinem
1000 1120 1059 1159 ita
1091 1119 1349 1170 enumeravi,
1384 1125 1428 1158 ut
1460 1118 1673 1158 notionum
1709 1118 1791 1157 vim
1817 1124 1943 1172 atque

94 1190 350 1232 differentias
368 1191 469 1232 nihil
488 1207 696 1234 curarem.
731 1192 845 1232 Talis
879 1189 1082 1231 similisve
1114 1189 1220 1229 ratio
1242 1188 1461 1229 Ciceronis
1482 1188 1664 1228 sermoni
1689 1187 1943 1243 explioaml«,

94 1267 193 1315 apta
224 1261 288 1314 sit,
321 1261 532 1314 Terentio,
567 1262 637 1316 qui
670 1260 914 1302 comoedias
948 1274 1058 1312 suas,
1093 1258 1286 1313 quamvis
1319 1256 1582 1312 elegantibus
1615 1257 1789 1297 auribus
1814 1257 1945 1296 homi-

92 1346 190 1371 num
225 1329 392 1371 Graece
425 1330 642 1371 doctorum
675 1337 818 1385 gratas
850 1330 1032 1371 reddere
1065 1328 1286 1379 studuerit,
1339 1333 1479 1367 tamen
1512 1325 1566 1366 ad
1599 1326 1783 1381 priorum
1820 1327 1944 1367 ‹fomi-

94 1413 237 1440 corum
269 1399 514 1440 Latinorum
547 1400 735 1454 inprimis
768 1399 905 1440 Plauti
946 1413 1182 1440 sermonem
1219 1395 1561 1437 accommodavit
1594 1397 1778 1450 satisque
1819 1395 1945 1435 distat

93 1483 119 1508 a
148 1468 453 1511 Ciceronianae
496 1469 642 1509 aetatis
687 1469 854 1509 dicendi
895 1484 1064 1524 genere,
1110 1467 1286 1508 eandem
1340 1466 1659 1506 convenientem
1696 1480 1786 1505 esse
1820 1480 1945 1517 nega-

95 1538 241 1578 verim:
262 1537 400 1578 Huius
418 1538 658 1579 fabularum
692 1538 877 1579 indicem
908 1539 1001 1594 pari
1032 1537 1159 1579 modo
1193 1535 1502 1577 conficiendum
1533 1550 1625 1575 esse
1650 1536 1794 1575 censui
1818 1541 1946 1589 atque

95 1606 245 1659 Taciti,
298 1607 531 1663 Sophoclis,
584 1608 813 1659 Theocriti,
866 1624 1011 1649 omncs
1065 1608 1244 1648 maiores
1298 1612 1337 1646 et
1388 1610 1579 1645 veterum
1630 1610 1670 1644 et
1716 1604 1944 1643 recentium

95 1676 346 1730 scriptorum
397 1676 558 1717 indices
611 1678 843 1732 comparati
912 1684 1019 1719 sunt.
1089 1677 1297 1717 Varias
1360 1676 1485 1727 igitur
1545 1689 1570 1713 v
1585 1672 1823 1713 oeabulo
1841 1688 1892 1712 ru
1909 1688 1944 1712 m

97 1745 555 1799 significationes
589 1746 1010 1801 distinguebam
1044 1753 1213 1801 atque
1247 1743 1614 1800 explicabam.
1670 1742 1804 1782 Unius
1840 1742 1947 1781 eius—

97 1813 280 1869 demque
312 1815 493 1855 notionis
525 1815 640 1856 locos
672 1817 780 1856 inter
812 1832 857 1856 se
889 1816 1121 1857 simillimos
1153 1815 1349 1871 proxime
1393 1812 1669 1854 collocabam.
1714 1812 1804 1851 Hos
1836 1812 1948 1865 ipsos

95 1883 380 1940 reliquosque,
413 1886 453 1925 in
486 1886 637 1940 quibus
669 1887 839 1940 gravior
871 1902 998 1927 causa
1030 1886 1151 1926 aliter
1184 1885 1436 1940 disponendi
1467 1898 1548 1923 11011
1582 1888 1682 1934 erat,
1709 1897 1791 1937 quo
1809 1883 1947 1936 priore

96 1960 287 2010 tempore
325 1954 480 2007 fabula,
525 1955 634 1995 unde
677 1957 834 2011 sumpti
868 1963 976 2008 sunt,
1012 1956 1205 1996 confecta
1239 1970 1330 1995 esse
1363 1953 1542 2005 videtur,
1578 1968 1626 1992 eo
1645 1952 1806 2007 priores
1820 1966 1947 2006 pone-

96 2021 192 2063 bam
216 2022 257 2066 ¹².
283 2023 377 2074 Quo
401 2024 547 2064 ordine
567 2025 806 2078 observato,
827 2025 897 2065 ubi
918 2025 995 2066 sub
1019 2040 1104 2065 una
1126 2025 1295 2064 notione
1320 2023 1537 2078 complura
1561 2022 1758 2077 exempla
1781 2036 1948 2061 coacer-

94 2091 236 2132 vanda
267 2099 397 2145 erant,
432 2094 680 2148 periculum,
726 2110 778 2135 ne
812 2110 956 2135 00111111
992 2093 1217 2135 multitudo
1251 2108 1377 2146 aegre
1410 2093 1622 2132 recenseri
1655 2097 1811 2146 posset,
1846 2091 1947 2130 ‹affu-

96 2161 210 2215 gisse
242 2161 343 2201 mihi
375 2161 535 2205 videor.
569 2163 639 2203 Ad
673 2164 974 2204 discernendas
1008 2170 1147 2204 autem
1182 2164 1372 2203 notiones
1406 2163 1614 2202 Donati
1648 2162 1947 2210 commu-marii,

97 2230 216 2270 cuius
247 2231 380 2271 verba
410 2246 537 2287 saepe
570 2232 702 2284 attuli,
735 2248 889 2287 magno
913 2233 1015 2273 mihi
1037 2232 1281 2273 adiumento
1311 2239 1441 2283 erant,
1482 2233 1605 2272 etiam
1643 2232 1787 2271 maiori
1821 2229 1946 2270 adno-

101 2299 282 2339 tationes
318 2315 411 2341 cum
459 2301 724 2355 Gronovii,
763 2302 1067 2354 Ruhnkenii,
1101 2301 1512 2353 Westerhovii,
1558 2300 1947 2348 Stallbaumii,

97 2373 182 2407 tum
216 2369 610 2411 novissimorum
646 2372 912 2412 editorum.
977 2372 1100 2412 Haud
1136 2386 1273 2426 pauca
1305 2371 1485 2411 lexicis
1518 2368 1947 2422 F01·eellini,l{l‹1-

95 2437 195 2489 tzii,
229 2436 304 2478 Ge
325 2440 467 2492 orgii
502 2439 636 2480 debeo
655 2441 842 2496 inprimis
866 2442 904 2481 in
925 2441 1300 2494 significationibus
1334 2439 1591 2482 ordinandis.
1625 2439 1776 2494 Neque
1808 2446 1946 2478 tamen

96 2504 246 2546 horum
290 2509 501 2549 sententiis
543 2509 601 2549 ita
643 2525 711 2550 me
758 2509 919 2563 addixi,
968 2510 1066 2565 quin
1109 2509 1234 2549 aliam
1270 2509 1497 2549 verborum
1532 2509 1847 2564 dispositionem
1881 2507 1948 2548 vel

98 2575 435 2630 explicationem,
469 2578 502 2618 si
535 2579 732 2632 graviore
766 2579 817 2620 de
851 2594 980 2620 causa
1012 2579 1112 2619 mihi
1145 2579 1280 2633 magis
1315 2579 1494 2634 probata
1520 2585 1643 2631 esset,
1677 2578 1947 2634 praeferrem.

237 2727 275 2769 ¹0)
304 2738 403 2770 quem
432 2728 607 2761 Dziatzko
635 2731 669 2761 in
698 2741 777 2762 nov.
804 2731 920 2762 annal.
946 2729 1014 2761 vol.
1043 2732 1118 2769 113,
1144 2741 1176 2772 p.
1204 2731 1269 2762 2:35
1296 2741 1368 2772 sqq.
1395 2730 1495 2762 alteri
1523 2733 1601 2772 post
1629 2729 1708 2761 Chr.
1735 2740 1767 2760 n.
1796 2727 1947 2767 saeculo,

102 2784 232 2818 Brann.
257 2786 294 2816 in
319 2790 469 2827 quaestt.
496 2787 574 2820 Ter.
605 2788 775 2830 (Gotting.
804 2799 834 2819 a.
863 2791 949 2821 1877
977 2790 1106 2830 emisS.)
1142 2800 1173 2830 p.
1200 2790 1238 2819 21
1269 2790 1383 2829 quarti
1410 2799 1441 2830 p.
1470 2788 1551 2819 Chr.
1578 2787 1707 2819 saeculi
1734 2790 1787 2818 30.
1813 2786 1868 2817 1·οΙ
1893 2788 1947 2817 40.

99 2851 191 2872 anno
218 2843 422 2884 assignavit.
456 2863 497 2867 --
530 2845 567 2886 ¹¹)
595 2855 702 2886 quare
731 2847 774 2877 ab
817 2845 1090 2887 Umpsenbmdiii
1119 2846 1280 2878 versibus
1306 2831 1398 2877 haud
1439 2846 1739 2887 improbabilibus,
1782 2856 1868 2886 quos
1912 2846 1947 2874 iu

98 2899 200 2932 Anal.
233 2899 372 2931 Terent.
407 2905 441 2933 et
466 2903 557 2934 inter
582 2902 646 2934 Ad.
684 2914 713 2934 v.
748 2904 813 2934 823
841 2903 1065 2935 hemistichia
1093 2907 1126 2935 et
1151 2907 1232 2945 post
1259 2903 1323 2935 Ad.
1350 2915 1382 2936 v.
1408 2904 1427 2934 3
1454 2903 1539 2944 prol.
1566 2907 1670 2945 atquc
1705 2915 1736 2934 v.
1771 2905 1848 2942 3:34,
1888 2904 1947 2933 111.

100 2958 177 2997 229,
203 2957 265 2989 Ph.
295 2959 371 2998 681,
397 2959 440 2991 al.
466 2960 671 2991 inserendos
703 2963 896 3003 proposuit,
924 2961 1084 2992 consulto
1123 2960 1287 2992 abstinui.
1307 2979 1348 2983 ——
1379 2960 1415 3001 12)
1443 2964 1601 3001 tempore
1628 2961 1783 2992 Terentii
1811 2959 1948 2991 fabulas

55 3013 60 3016 ”
98 3015 150 3045 ita
175 3024 252 3046 sese
279 3016 418 3057 insequi
438 3018 644 3050 verisimile
664 3023 731 3050 est:
759 3019 901 3058 Andria,
922 3021 1062 3059 Hecyra
1081 3020 1210 3060 (quam,
1227 3019 1291 3049 etsi
1318 3019 1466 3059 primum
1494 3020 1690 3060 iterumque
1717 3018 1797 3049 data
1826 3017 1945 3049 audita

99 3082 168 3103 non
195 3075 258 3112 est,
300 3076 419 3104 tamen
444 3077 551 3115 poeta
575 3086 645 3106 non
669 3079 881 3108 retractasse
919 3077 1083 3117 videtur),
1128 3078 1271 3107 Hauton
1298 3076 1381 3113 tim.,
1410 3075 1580 3114 Eunucli.‚
1607 3075 1756 3114 Phorm.⁷
1799 3074 1946 3115 Adelph.

100 3131 190 3162 Nam
217 3130 340 3170 altera,
382 3140 485 3172 quam
524 3130 589 3169 Gu.
614 3132 823 3165 &Vilmanns
867 3133 923 3175 (dc
968 3133 1134 3166 didascal.
1170 3132 1528 3171 Te1·.,ssor‹›l‚18t34‚
1570 3143 1601 3173 p.
1644 3134 1687 3164 49
1714 3133 1803 3174 sqq.)
1849 3137 1882 3163 et
1909 3132 1946 3164 C.

100 3189 274 3222 Dziatzko
304 3191 352 3232 (in
379 3200 466 3223 mus,
506 3189 617 3223 Rhen.
658 3189 752 3229 XXI,
794 3201 826 3232 p.
855 3192 897 3222 78
938 3192 1027 3231 sqq.)
1063 3190 1310 3231 probaverant,
1355 3190 1565 3220 sententiam
1607 3190 1699 3220 inter
1723 3190 1876 3220 Andriae.
1913 3193 1947 3221 et

100 3249 246 3288 primam
272 3249 434 3289 Hecyrae
475 3250 649 3280 actionem
678 3249 794 3280 datam
833 3259 909 3280 esse
951 3248 1105 3279 fabulam
1148 3247 1327 3287 Adelphos
1353 3248 1466 3287 (prim.
1494 3247 1576 3289 act.)
1605 3247 1646 3278 ab
1676 3247 1739 3280 Gu.
1767 3248 1944 3290 XVagnero

102 3304 152 3345 (in
176 3315 255 3336 nov.
283 3315 363 3337 ann.
390 3316 420 3338 a.
449 3307 547 3345 1865,
588 3317 619 3348 p.
646 3308 711 3338 289
738 3307 827 3347 sqq.)
869 3308 1076 3347 impugnata
1117 3309 1151 3337 et
1176 3305 1219 3336 ab
1246 3307 1321 3346 ipso
1348 3305 1567 3336 Dziatzkone
1595 3306 1644 3346 (in
1669 3305 1813 3338 Phorm.
1837 3306 1945 3348 praes.

102 3371 133 3402 p.
162 3362 215 3400 11,
241 3362 319 3394 adn.
349 3364 381 3405 1)
407 3367 446 3394 ut
472 3363 579 3394 dubia
604 3368 657 3394 est.
683 3363 824 3403 relicta3
850 3363 940 3395 hanc
967 3363 1080 3394 denuo
1116 3364 1157 3393 Il.
1184 3362 1457 3393 Ῥέη-(1101111000.
1486 3363 1533 3403 (iu
1563 3362 1647 3394 diss,
1675 3363 1716 3393 de
1744 3363 1865 3394 ordine
1906 3364 1945 3395 P.

102 3418 245 3449 Terenti
284 3420 492 3459 fabularum,
535 3421 688 3462 prologis
730 3422 953 3462 potissimum
996 3421 1172 3457 adhibitis,
1215 3420 1315 3450 Halis
1343 3420 1423 3449 Sax.
1461 3421 1560 3461 1875)
1587 3419 1774 3453 defendere
1802 3423 1944 3460 studuit,

103 3477 164 3509 sed
191 3481 408 3519 argumenta,
428 3489 517 3520 quae
544 3479 588 3509 H.
615 3479 725 3509 Bosse
754 3480 802 3521 (in
833 3482 983 3519 quaestt.
1011 3478 1278 3519 T‹.›,1·ent.,Lips.
1308 3479 1394 3509 1874
1422 3477 1490 3520 ed.)
1521 3481 1642 3509 eontra
1668 3479 1760 3510 1111110
1786 3479 1943 3512 ordinem

101 3534 257 3578 protulit,
283 3537 456 3578 respic-ere
483 3537 652 3578 neglexit.
