2321 3835
364 143 418 184 26
1006 158 1204 190 Quaestiones
1224 161 1429 195 Terentianae,
1451 163 1504 195 111,
1525 163 1550 188 8.

364 296 462 322 usus
495 284 535 323 in
570 283 757 325 ciusdem
791 284 961 326 fabulae
992 302 1031 328 v.
1072 288 1148 330 123

607 364 719 406 Nam
750 367 812 407 hic
843 382 995 422 quoqne
1025 367 1166 409 bomem
1195 385 1459 425 magsnmnque
1487 377 1646 425 partem
1676 372 1733 412 ad
1763 378 1798 412 te
1829 372 1967 413 attulit

362 443 430 493 (cf.
463 443 567 484 Hor.
601 450 677 487 sat.
711 444 744 497 Ι,
782 447 815 498 1,
849 447 916 498 61,
951 448 1070 502 epist.
1102 448 1136 500 Ι,
1175 450 1236 500 18,
1273 449 1364 500 109,
1399 448 1478 490 Ov.
1502 464 1567 505 ep.
1590 464 1645 490 cx
1674 450 1796 491 Pont.
1821 450 1853 503 1,
1887 452 1925 503 8,
1959 453 2025 502 74,
2056 451 2201 494 Valer.

361 511 476 552 Max.
509 513 566 565 ll,
596 515 635 566 9,
682 516 719 567 7,
762 515 846 568 al).
898 516 1043 558 Simile
1086 517 1246 574 aliquid
1289 519 1414 559 etiam
1457 518 1571 574 apud
1613 519 1824 560 Lucilium
1873 521 2120 576 reperimus,
2163 521 2206 563 iu

359 595 400 622 v.
444 582 526 623 (533
557 582 699 624 verbis

736 655 905 710 sospita,
937 656 1090 712 imperti
1119 654 1250 697 salute
1273 656 1462 712 pluo-ivm
1492 663 1526 697 et
1552 656 1818 712 plenissuma.

359 731 469 772 Tum
501 733 541 774 in
573 732 694 775 huius
736 741 811 778 sat.
845 735 928 778 566
960 737 1109 777 redisse
1140 752 1186 777 (ιο
1216 738 1431 792 repedasse
1463 736 1737 792 copulantur3
1785 737 1994 793 posterius
2025 737 2205 780 verbum

359 802 472 856 apud
510 802 669 846 Pacuv.
711 808 818 858 trag.
850 805 933 846 400
971 805 1180 845 invenitur
1198 806 1374 860 ffraclzom
1404 806 1609 860 repedare,
1646 806 1687 846 in
1718 806 1905 848 Lucretii
1941 822 2042 849 vero
2076 807 2102 851 l.
2128 807 2204 861 VI,
2244 847 2248 852 .

362 872 471 913 1280
504 872 801 913 Lachmannus
834 873 903 925 (cf.
938 874 1024 914 eius
1060 888 1209 915 comm.
1244 889 1283 928 p.
1316 874 1416 926 426)
1449 879 1565 914 recte
1598 875 1829 930 trepidabat
1860 877 2038 932 scripsit.
2101 877 2206 918 Mihi

356 941 438 982 hoc
469 941 729 982 vocabulum
772 941 946 996 vulgare
994 957 1085 983 csse
1119 957 1173 982 ex
1206 941 1413 983 Luciliani
1460 942 1542 983 loci
1573 948 1725 983 natura
1757 947 1870 995 (sunt
1900 951 2040 986 autem
2073 945 2207 987 verba

355 1009 460 1051 haec
491 1011 639 1052 redisse
670 1027 716 1051 ac
748 1012 967 1066 repedasse,
1001 1019 1045 1051 ut
1066 1012 1238 1052 Romam
1260 1011 1400 1053 bitat‘32‘
1417 1012 1753 1067 ffladiatoribus),
1785 1019 1873 1053 tum
1905 1027 1959 1053 ex
1981 1028 2030 1055 eo
2052 1014 2206 1070 proba-

356 1085 434 1132 tur,
480 1079 595 1135 quod
635 1079 746 1120 idem
790 1081 958 1136 saepius
1002 1081 1204 1136 scriptum
1247 1080 1400 1135 legitur
1447 1081 1561 1136 apud
1593 1081 1865 1122 Ammianum
1897 1081 2206 1137 Marcellinum,

357 1163 438 1204 quo
482 1149 690 1190 neminem
733 1164 919 1205 unquam
961 1149 1137 1204 phrases
1180 1150 1422 1191 rusticiores
1454 1165 1686 1205 usurpasse
1718 1149 1952 1192 Salmasius
1997 1152 2039 1194 in
2070 1153 2203 1208 praef.

356 1217 408 1258 de
453 1217 548 1272 ling.
594 1217 800 1260 hellenist.
845 1219 899 1259 39
940 1217 1158 1261 iudicavit.
1202 1219 1400 1274 Denique
1442 1219 1597 1271 nescio,
1639 1234 1690 1259 an
1733 1220 1816 1260 huc
1861 1222 2068 1276 pertineat
2098 1222 2204 1263 illud

355 1286 492 1329 Lucil.
537 1287 592 1339 (in
635 1303 674 1329 v,
723 1289 817 1339 125)
862 1290 997 1344 ipsum
1041 1290 1398 1330 cowzmcmcluentem·
1428 1296 1555 1330 totum
1585 1289 1792 1344 comptem
1831 1297 2060 1346 comestque,
2109 1306 2204 1332 cum

353 1356 422 1397 vel
465 1356 752 1397 manducandi
794 1356 973 1398 verbum
1017 1357 1201 1413 simplex
1234 1362 1347 1409 (nam
1381 1357 1725 1398 commanducari
1758 1358 1838 1410 hic,
1871 1364 1986 1413 puto,
2020 1361 2203 1402 maxime

355 1425 660 1467 allitterationis
693 1441 821 1467 causa
853 1428 1056 1482 scriptum
1090 1431 1167 1479 est)
1201 1428 1278 1468 nisi
1309 1427 1422 1482 apud
1440 1427 1647 1482 Pompon.
1682 1442 1789 1468 com.
1828 1428 1907 1469 100
1927 1429 2203 1472 manducatur

354 1512 400 1537 (cc
431 1496 545 1536 νηοίίι
577 1502 618 1535 et
648 1496 794 1538 Asi-au.
826 1512 931 1538 com.
972 1498 1051 1538 134
1081 1512 1165 1537 non
1199 1498 1447 1538 inveniatur.

492 1565 773 1619 Postremum,
808 1581 861 1607 ne
895 1567 987 1621 quis
1020 1566 1129 1607 male
1162 1582 1299 1607 meam
1334 1566 1385 1607 de
1410 1567 1470 1606 liis
1493 1565 1594 1606 locis
1616 1567 1867 1607 sententiam
1891 1567 2203 1622 interpretetur,

356 1634 438 1675 hoc
481 1634 715 1675 addiderim
760 1636 989 1691 scriptores
1034 1651 1159 1691 saepe
1203 1637 1346 1676 tritum
1380 1636 1560 1676 verbum
1593 1651 1688 1676 cum
1721 1636 1887 1677 notione
1919 1635 2052 1677 altera
2083 1637 2207 1678 simili

354 1704 422 1744 vel
454 1704 666 1744 simillima
697 1719 780 1745 11611
814 1705 962 1758 solum,
1008 1721 1090 1760 quo
1134 1706 1436 1746 inusitatiorein
1481 1705 1590 1745 lianc
1633 1705 1896 1761 explicarent
1938 1707 2026 1746 sive
2058 1706 2204 1748 diluci-

356 1772 513 1813 diorem
556 1773 878 1829 planioremque
923 1774 1163 1828 redderent,
1214 1774 1436 1830 copulasse
1480 1775 1579 1814 mihi
1624 1774 1769 1826 videri,
1819 1774 1890 1815 sed
1937 1775 2074 1828 etiam,
2122 1790 2206 1831 quo

354 1842 487 1897 ipsam
541 1843 770 1883 sententiae
823 1844 905 1883 vini
960 1851 1087 1899 atque
1140 1845 1393 1898 gravitatem
1448 1844 1737 1899 exprimerent
1795 1849 1868 1885 aut
1915 1843 2203 1886 membrorum

357 1912 680 1952 concinnitatem
712 1919 928 1967 augerent.

492 2050 532 2092 ⁵¹5⁸)
563 2051 636 2082 ciaet
661 2050 761 2084 codd,
789 2052 889 2091 Non„
918 2053 1058 2083 Laclnn.
