2321 3835
786 275 984 308 Quaestiones
1004 274 1211 307 Terentianae,
1231 274 1254 306 1,
1275 273 1301 306 ³,
1320 275 1343 299 4.
1921 263 1925 267 ’
1955 265 1978 305 'I

137 402 282 444 adfero
304 402 366 443 Pl.
390 403 519 445 Poeu.
541 402 627 443 480
647 401 780 442 verba
805 417 910 457 pone
939 416 1008 444 nos
1040 400 1186 453 recede,
1220 399 1473 456 quibuscum
1504 408 1611 442 retro
1642 401 1797 442 rellicta
1828 400 1980 456 (Lucil.

138 471 255 527 940),
281 487 406 529 pei-qe
432 487 557 528 porro
588 470 667 526 (Pl.
701 470 814 512 Trin.
852 470 944 523 162,
977 470 1074 512 Ter.
1106 469 1238 513 Haut.
1272 470 1358 511 tim.
1392 470 1492 525 346)
1526 471 1761 526 comparari
1794 476 1980 526 possunt.

1999 609 2105 640 Hecyr.

310 621 349 665 3.
380 621 490 662 Tum
510 619 704 662 Bembini
735 620 957 661 lectionem
981 620 1021 660 in
1043 618 1239 674 Hecyr.
1270 635 1308 661 v.
1334 620 1415 662 363
1446 620 1543 660 item
1578 620 1630 661 ab
1664 620 1858 662 omnibus
1890 621 1977 663 fere
2000 655 2103 679 mm·

140 691 374 733 editoribus
405 695 587 746 spretam
622 689 799 730 usitatae
830 688 1114 744 praetulerim.
1178 688 1304 740 Quod
1346 688 1499 745 quibus
1533 688 1585 730 de
1617 690 1755 730 causis
1787 696 1982 743 statuam,

141 775 236 802 cum
269 760 350 802 Gu.
386 759 576 815 Wagner
606 759 715 801 hanc
758 760 1025 815 scripturam,
1079 773 1206 814 quam
1250 758 1364 800 solus
1406 759 1578 814 recepit,
1630 759 1813 815 probare
1858 760 1983 816 plane

141 830 339 881 omiserit,
362 829 609 871 brevissime
641 843 855 885 exponere
878 843 933 869 ex
963 843 1042 869 usu
1064 828 1128 870 sit.
1163 827 1257 879 Quo
1279 829 1319 870 in
1342 828 1490 870 codice
1511 828 1744 870 secundum
1767 828 1981 881 Poliziani,

143 913 269 955 quam
290 898 479 954 Wagner
502 899 704 954 sequitur,
729 897 995 939 collationem
1015 896 1253 953 Pamphilo,
1277 898 1347 954 qui
1371 899 1636 940 exanimatus
1659 914 1714 940 cx
1736 898 1980 956 Myrrhinae

140 967 318 1010 aedibus
349 969 598 1024 prorumpit,
622 968 727 1009 haec
758 966 891 1008 verba
921 966 1163 1008 tribuuntur

386 1049 552 1105 Nequeo
582 1064 766 1091 mearum
796 1064 932 1089 rerum
961 1050 1123 1090 initium
1155 1048 1282 1090 ullum.
1312 1051 1491 1091 ‘invenire
1523 1050 1717 1101 idoneum,

394 1131 503 1173 Unde
534 1129 771 1185 eoeor(cl)c'ar
798 1145 987 1181 narrare,
1020 1145 1123 1184 quae
1152 1132 1413 1185 ‘necopitzccnti
1441 1132 1647 1173 accidunt:

386 1212 548 1252 Partim
577 1226 680 1266 quae
705 1211 902 1266 perspexi
930 1211 994 1251 his
1027 1210 1163 1261 oculis,
1191 1212 1350 1266 partim
1375 1214 1574 1268 percepi
1601 1213 1784 1255 ‹cm-ibus.

314 1292 379 1334 Ao
422 1306 572 1332 revera
597 1292 765 1346 percepi
793 1290 832 1330 in
864 1289 945 1331 hoe
977 1289 1124 1331 codice
1157 1297 1323 1332 exstare
1358 1291 1721 1348 Umpfenbachius
1753 1294 1985 1347 confirmat,

143 1362 218 1404 sed
249 1377 349 1402 num
381 1375 613 1417 pronomen
645 1375 748 1416 quae
780 1366 874 1400 ante
906 1359 988 1400 hoc
1022 1359 1200 1401 verbum
1231 1361 1429 1402 iteratum
1475 1362 1640 1416 legatur
1686 1369 1731 1404 ut
1761 1364 1800 1403 in
1835 1363 1982 1404 Callio-

139 1432 277 1488 pianis
309 1432 421 1482 mss.)
473 1445 653 1486 quorum
695 1429 918 1470 lectionem
956 1431 1114 1485 partim
1155 1447 1260 1486 quae
1292 1433 1431 1486 accepi
1458 1433 1632 1473 (iuribus
1662 1432 1752 1488 ipse
1785 1434 1985 1488 sequitur,

141 1515 224 1542 non
255 1499 388 1541 addit.
441 1499 599 1540 Verum
647 1505 749 1552 esto,
790 1498 871 1540 hoc
917 1514 1149 1554 pronomen
1195 1500 1235 1541 in
1284 1499 1491 1541 Bembino
1543 1501 1584 1541 in
1635 1500 1766 1542 altero
1819 1517 1987 1557 quoque

141 1569 331 1611 membro
363 1570 567 1625 scriptum
599 1569 662 1621 sit,
712 1583 793 1609 non
827 1569 967 1609 statim
1015 1568 1123 1610 haec
1154 1569 1281 1610 lectio
1312 1569 1420 1623 ideo,
1453 1569 1567 1626 quod
1598 1576 1732 1611 metro
1765 1578 1985 1626 repugnat,

143 1634 366 1680 abicienda
397 1644 437 1679 et
467 1637 600 1679 facilis
631 1637 701 1678 illa
732 1637 992 1693 reliquorum
1026 1638 1220 1679 codicum
1253 1654 1356 1680 vcra
1386 1638 1585 1680 habenda
1616 1640 1704 1681 erit.
1758 1640 1805 1681 In
1852 1640 1985 1681 altero

144 1709 251 1749 enim
285 1707 476 1748 membro
509 1721 739 1762 pronomen
784 1707 1007 1748 relativum
1050 1722 1131 1748 non
1179 1708 1314 1762 magis
1358 1709 1638 1763 repetendum
1686 1724 1777 1750 esse
1822 1709 1987 1751 videtur

143 1793 269 1834 quam
303 1777 678 1818 demonstrativum
712 1778 776 1817 his
808 1776 1069 1818 substantivo
1102 1777 1272 1818 (curibus
1294 1777 1550 1820 addendum.
1597 1778 1749 1819 Nonne
1776 1778 1986 1820 simillimo

141 1847 268 1888 modo
302 1848 344 1888 iu
377 1845 565 1887 eiusdem
597 1845 768 1887 fabulae
801 1845 906 1902 prol.
941 1845 1058 1888 alter.
1100 1861 1141 1888 v.
1177 1847 1228 1887 15
1263 1848 1326 1902 (7)
1359 1848 1617 1902 pronominis
1670 1846 1987 1889 demonstrativi

140 1917 375 1971 genetivus,
425 1916 495 1971 qui
529 1930 584 1956 ex
615 1916 768 1971 partim
801 1915 959 1972 pendet
977 1915 1003 1967 ⁶¹,
1052 1916 1091 1956 in
1132 1915 1265 1957 altero
1308 1916 1499 1957 membro
1544 1917 1829 1960 subauditur?
1882 1918 1989 1960 Sunt

141 1991 282 2027 autem
314 1985 449 2026 verba
479 1984 586 2025 haec

437 2066 487 2107 In
517 2067 574 2107 eis
606 2065 808 2121 (fabulis),
842 2082 944 2121 quus
972 2068 1153 2121 primum
1189 2065 1340 2108 Caecili
1368 2067 1497 2108 didici
1528 2083 1664 2119 novae,

440 2136 601 2177 Partim
632 2151 721 2176 sum
752 2151 892 2176 earum
924 2142 1099 2187 emacitas,
1127 2138 1285 2192 parti-m
1311 2138 1382 2177 via:
1411 2138 1512 2177 steti.

312 2215 456 2268 Quare
487 2215 555 2256 illo
588 2215 786 2271 Hecyrae
829 2215 922 2257 1000
954 2231 1188 2272 pronomen
1220 2216 1444 2258 relativum
1476 2232 1559 2258 non
1592 2233 1615 2259 a
1647 2219 1845 2260 Terentio
1880 2220 1984 2274 ipso,

138 2286 214 2327 sed
246 2300 270 2326 a
300 2286 532 2340 posteriore
564 2285 749 2341 quodam
780 2287 1058 2340 grammatico
1093 2287 1290 2342 (fortasse
1321 2302 1346 2327 a
1369 2286 1590 2343 calliopio)
1622 2288 1859 2344 profectum
1893 2304 1985 2330 esse

137 2361 253 2411 puto,
287 2356 357 2410 qui
388 2355 481 2407 hoc,
513 2354 801 2396 membrorum
835 2356 1153 2396 convenientiae
1184 2356 1303 2397 nimis
1336 2356 1561 2410 studiosus,
1586 2358 1626 2398 in
1649 2357 1828 2399 aiterum
1852 2374 1980 2399 mem·

137 2425 261 2465 brum
292 2423 476 2465 intulerit
507 2438 641 2479 eoque
672 2423 785 2464 illato
819 2430 998 2465 metrum
1031 2424 1190 2465 laesum
1223 2425 1279 2465 ita
1310 2426 1550 2477 restituerit,
1575 2432 1621 2467 ut
1644 2427 1836 2483 capiendi
1872 2443 1982 2469 com-

135 2494 317 2549 positum
349 2508 374 2533 a
394 2492 530 2534 vocali
560 2494 761 2548 incipiens
793 2493 967 2551 (accepi)
1000 2509 1076 2550 pro
1108 2494 1382 2549 percipiendo
1415 2495 1630 2536 scriberet.
1684 2498 1853 2553 Pei-cepi
1881 2511 1981 2538 vero

135 2563 362 2618 genuinum
395 2577 485 2603 0550
518 2563 721 2615 existimo,
755 2577 838 2604 non
871 2563 1020 2616 50111111,
1045 2563 1160 2619 quod
1182 2564 1304 2604 huius
1322 2563 1441 2605 verbi
1462 2565 1524 2605 vis
1546 2565 1779 2621 accipiendi
1811 2567 1981 2607 notione

137 2632 267 2674 multo
289 2633 459 2687 gravior
491 2638 531 2673 et
551 2633 689 2688 aptior
721 2638 795 2686 est,
829 2632 904 2673 sed
936 2633 1075 2686 etiam,
1109 2632 1222 2688 quod
1246 2647 1294 2673 eo
1318 2640 1490 2689 recepto
1515 2635 1692 2675 verbum
1715 2650 1811 2676 011111
1835 2635 1984 2676 eadem

138 2703 448 2758 praepositione
481 2703 758 2758 compositum
791 2708 918 2758 atque
948 2703 990 2743 in
1022 2703 1161 2758 priore
1184 2702 1375 2743 membro
1400 2709 1536 2744 exstat
1565 2705 1796 2762 (lmrspeoei)
1830 2705 1984 2762 optime

136 2771 363 2827 reponitur.

309 2909 351 2954 4,
385 2910 550 2951 Deinde
583 2911 846 2952 consentiunt
878 2925 1023 2951 omnes
1056 2910 1223 2952 codices
1254 2912 1294 2951 in
1317 2911 1457 2953 Phor
1472 2928 1526 2955 m.
1558 2928 1596 2953 v.
1631 2914 1684 2953 S?
1715 2912 1857 2954 verbis
1880 2915 1982 2955 hanc
2001 2903 2115 2962 P¹J⁰T¹¹¹¹

137 2995 298 3021 amare
327 2982 450 3035 coepit
476 2981 647 3036 perdite,
679 2994 818 3035 neque
849 2978 987 3032 lectio,
1023 2995 1148 3035 quam
1180 2980 1373 3021 Donatus
1417 2982 1554 3022 adfert
1594 2983 1799 3037 perditus,
1842 2983 1982 3037 magni

136 3049 334 3089 momenti
365 3055 440 3101 est,
474 3049 572 3104 quia
602 3048 670 3088 1110
702 3064 800 3089 115115
833 3048 1029 3090 adiectivi
1052 3064 1147 3089 011111
1176 3049 1317 3090 verbis
1341 3050 1582 3091 adfectuum
1609 3051 1738 3091 iuncti
1759 3050 1982 3092 Plautinus

136 3118 273 3173 potius
305 3132 431 3172 quam
463 3118 739 3158 Terentianus
771 3117 852 3158 est⁷
885 3124 925 3158 et
956 3119 1164 3174 scriptura
1194 3119 1286 3173 ipsa
1326 3134 1350 3159 a
1382 3119 1570 3160 Chai-isio
1605 3136 1643 3175 p.
1679 3121 1773 3171 2213,
1823 3121 1874 3161 16
1906 3121 1980 3160 im-

135 3186 350 3242 probatur,
384 3186 455 3241 qui
490 3188 649 3242 perdite
690 3202 765 3241 pro
808 3188 924 3228 valde
963 3187 1256 3242 accipiendum
1290 3203 1382 3228 esse
1415 3188 1550 3229 docet.
1586 3188 1795 3230 Graviora
1839 3194 1980 3230 autem

137 3270 228 3296 esse
270 3254 424 3307 iudico,
470 3270 579 3310 quae
619 3255 730 3295 idem
774 3256 990 3296 Charisius
1032 3256 1128 3296 huic
1166 3257 1500 3311 interpretationi
1545 3257 1760 3313 subiungit
1795 3275 1887 3300 nam
1922 3260 1980 3299 ita

271 3405 297 3446 fi)
325 3405 367 3437 de
392 3416 461 3446 qua
486 3416 522 3437 re
549 3407 620 3448 egit
646 3406 780 3439 Gellius
798 3409 834 3438 in
860 3407 960 3439 Noct.
979 3408 1050 3440 Ati.
1068 3409 1109 3448 X,
1137 3410 1195 3448 133
1222 3407 1264 3438 cf.
1295 3408 1367 3438 Cic.
1385 3409 1486 3441 Tusc.
1513 3408 1554 3447 V,
1585 3411 1634 3447 13,
1654 3410 1707 3441 38.
1727 3428 1768 3432 —-
1788 3409 1813 3451 7)
1834 3420 1865 3440 v.
1887 3409 1976 3441 stud.

135 3461 289 3494 Plautin.
316 3462 358 3494 ab
385 3462 426 3494 O.
454 3463 622 3505 Seyfferto
647 3474 679 3497 a.
707 3466 793 3496 1874
818 3465 931 3496 Berol.
959 3465 1040 3499 edit.
1068 3477 1099 3507 p.
1126 3467 1146 3497 8
1172 3477 1221 3506 sq.
1247 3466 1382 3507 (Progr.
1410 3466 1470 3498 des
1497 3466 1819 3510 Sophien-Gymn.).
