2321 3835
744 279 956 314 Proiegomena
973 281 1011 308 ad
1029 281 1145 308 lexicon
1165 281 1384 308 Terentianum.
1935 268 1989 311 35

99 439 106 454 ,Ὗ
151 402 192 439 et
209 397 418 453 prehendo
445 397 632 453 (praeter
658 396 828 437 Pliorm.
858 397 952 449 620,
985 395 1056 437 ubi
1080 397 1246 452 prendo,
1276 401 1316 436 et
1344 395 1452 437 Eun.
1476 395 1571 448 836,
1593 394 1664 437 ubi
1685 396 1906 452 conprendi
1937 410 1991 436 ex

73 486 77 491 ·
122 465 298 508 -Bemb.
331 465 508 522 recepit)
541 465 768 520 scripserit,
801 479 884 505 non
917 465 1141 520 perspicio.
1204 464 1320 516 Quas
1354 464 1569 516 lectiones,
1611 465 1643 505 si
1685 479 1761 520 per
1808 471 1986 505 metrum

149 541 260 577 stare
300 549 384 576 non
425 539 612 590 possunt,
655 541 892 574 ceterorum
937 533 1145 574 editorum
1191 532 1434 588 exemplum
1478 539 1648 574 secutus
1692 548 1773 574 non
1807 533 1986 574 servavi.

90 637 94 640 ⁴
147 603 275 646 Nolui
327 610 548 660 praeterea
597 617 663 643 me
724 617 817 644 cum
872 601 1208 658 Umpfenbacliio
1261 602 1510 657 ‘mancipare
1560 603 1795 643 auctoritati
1841 601 1989 641 codicis

147 673 377 729 (Bembini)
407 674 451 714 in
481 672 609 713 vocali
637 672 836 714 secundae
856 679 903 712 et
935 673 1077 712 teo-tiae
1102 687 1303 727 personae
1334 671 1446 712 verbi
1475 671 1699 711 (woeiliaris
1715 677 1808 726 post
1839 670 1989 710 vocales·

147 750 183 784 et
211 742 262 783 M
297 741 472 784 tollenda.
511 741 573 782 vel
613 742 839 782 servanda&
902 739 1070 781 Etenim
1111 741 1151 780 iu
1185 740 1379 781 Bembini
1414 738 1645 794 archetypo
1679 739 1810 780 multo
1844 737 1987 793 plures

147 810 381 852 huiusmodi
411 810 572 850 formas
612 810 883 865 synaloephe,
933 823 1040 864 quae
1087 809 1252 861 dicitur,
1297 810 1474 864 scriptas
1506 808 1635 848 fuisse
1673 809 1874 864 suspicor,
1908 823 1988 848 nou

146 879 294 933 solum,
315 879 428 934 quod
447 894 571 935 quam
592 879 770 920 libenter
787 879 946 920 librarii
973 878 1035 919 1115
1054 877 1202 934 plenas
1225 878 1519 919 substituerint
1540 893 1593 918 ex
1619 877 1688 917 illo
1714 879 1804 933 ipso
1828 877 1986 927 codice,

147 950 182 990 si
207 963 303 990 cum
328 948 601 1004 Calliopianis
621 948 947 1003 comparaveris,
982 948 1263 1002 cognoscitur,
1297 947 1370 987 sed
1403 947 1541 999 etiam,
1569 947 1681 1003 quod
1705 946 1785 987 loci
1809 952 1986 997 exstant,

145 1017 298 1074 quibus
329 1017 423 1059 leve
454 1018 653 1059 mendum
679 1016 865 1057 eiusdem
891 1015 987 1057 libri
1018 1031 1093 1057 ms.
1124 1016 1248 1057 facile
1281 1031 1336 1057 ex
1367 1016 1563 1057 breviore
1587 1016 1805 1072 archetypi
1839 1017 1986 1065 fornia,

144 1088 215 1128 vix
247 1102 302 1129 ex
333 1087 466 1128 altera
496 1087 627 1143 possit
658 1084 912 1141 explieariffl.
960 1084 1103 1137 Quare
1137 1092 1176 1125 et
1208 1086 1287 1126 hac
1318 1087 1358 1126 in
1390 1102 1436 1126 re
1469 1085 1742 1126 constantiam
1777 1085 1986 1139 quandam

144 1157 341 1198 varietati
370 1155 600 1197 formarum
633 1155 827 1196 Bembini
859 1154 1180 1210 praeferendam
1215 1170 1307 1196 esse
1341 1155 1456 1197 duxi.

315 1224 530 1266 Nonnulla
561 1238 814 1280 quamquam
851 1223 1002 1276 habeo,
1038 1223 1090 1265 de
1124 1224 1251 1266 rebus
1285 1225 1619 1281 orthographicis
1665 1239 1772 1279 quae
1817 1222 1984 1273 addam,

147 1294 215 1336 hie
246 1295 374 1336 missa
404 1293 527 1346 facio,
574 1294 770 1349 quoniam
803 1308 870 1333 me
903 1293 1132 1348 longiorem
1177 1294 1304 1336 fuisse
1357 1295 1487 1336 sentio
1541 1300 1582 1335 et
1622 1293 1785 1349 reliqua
1823 1291 1892 1332 vel
1935 1306 1987 1332 ex

151 1364 288 1405 lexico
321 1363 410 1419 ipso
441 1363 666 1418 perspicua
695 1363 784 1403 fore
818 1377 954 1418 spero.

318 1433 573 1487 Priusquam
597 1446 698 1472 vero
722 1431 944 1484 concludo,
977 1433 1118 1473 facere
1150 1447 1231 1473 non
1264 1447 1449 1488 possum,
1484 1433 1583 1488 quin
1608 1432 1687 1473 Gu.
1711 1430 1989 1481 Hartelio,

148 1502 349 1556 magistro
372 1516 464 1542 meo
488 1501 802 1554 humanissimo,
836 1502 1042 1541 maximas
1065 1516 1189 1556 agani
1221 1503 1388 1556 gratias.
1423 1501 1526 1542 Eius
1550 1502 1657 1542 enim
1683 1499 1848 1550 scholis,
1882 1514 1985 1554 quas

145 1570 198 1612 de
219 1571 380 1612 Andria
413 1570 571 1612 habere
605 1570 724 1621 solet,
757 1570 1102 1612 fructuosissimis
1126 1586 1192 1612 me
1216 1571 1269 1612 ad
1291 1572 1552 1627 propositum
1577 1570 1817 1610 Terentiani
1840 1568 1988 1609 indicis

142 1639 391 1681 conficiendi
424 1654 516 1680 esse
548 1639 778 1681 adductum
819 1640 965 1693 fateor,
1012 1655 1136 1695 quem
1177 1647 1217 1681 et
1254 1641 1356 1696 ipse,
1395 1647 1441 1681 ut
1478 1647 1540 1681 est
1576 1639 1758 1681 liberalis
1799 1654 1986 1680 meorum

143 1710 376 1751 studiorum
409 1710 561 1763 fautor,
595 1709 897 1761 adhortatione,
931 1710 1117 1762 consilio,
1151 1711 1398 1751 auctoritate
1431 1724 1689 1765 magnopere
1721 1710 1842 1750 iuvit.
1877 1709 1984 1749 Tum

140 1779 326 1820 debitam
376 1779 513 1820 habeo
565 1780 741 1834 gratiam
776 1778 822 1820 C.
876 1779 1228 1820 Schenkelio
1281 1786 1321 1820 et
1366 1779 1446 1821 Th.
1497 1780 1833 1834 GomperziO,
1884 1779 1984 1818 viris

139 1848 406 1900 doctissimis,
442 1863 620 1903 quorum
648 1848 717 1889 ille
740 1862 823 1888 non
845 1847 971 1888 modo
994 1863 1059 1889 1116
1081 1849 1134 1889 ad
1157 1850 1318 1904 priscos
1343 1850 1569 1904 scriptores
1591 1849 1764 1889 Latinos
1786 1848 1985 1888 colendos

140 1918 354 1971 incitavit,
399 1916 473 1957 sed
505 1919 630 1957 etiam
676 1917 835 1972 pariter
881 1923 1007 1973 atque
1041 1918 1105 1958 hic
1153 1933 1292 1958 meum
1324 1919 1539 1975 inceptum
1575 1918 1752 1972 benigne
1794 1932 1983 1973 compro·

142 1987 272 2029 bavit.

274 2057 545 2097 Postremum
578 2056 761 2110 adiungo
784 2072 850 2097 me
874 2057 1001 2097 lexici
1022 2057 1307 2098 Terentiani‘h
1337 2058 1512 2113 primam
1537 2064 1699 2114 partem
1726 2072 1818 2098 esse
1853 2057 1980 2097 editu-

137 2141 245 2179 rum,
266 2125 339 2167 ubi
359 2127 541 2182 primum
575 2126 678 2166 ratio
702 2141 751 2166 ac
772 2127 855 2179 via,
891 2141 1015 2181 quam
1050 2127 1129 2167 hoc
1153 2128 1383 2183 specimine
1414 2128 1602 2168 insistere
1637 2126 1791 2179 studui,
1825 2141 1850 2167 a
1879 2127 1981 2167 viris

137 2194 270 2235 doctis
298 2196 364 2253 ¹sit
404 2195 596 2250 proba-ta.
659 2194 802 2247 Quare
845 2195 886 2236 id
932 2196 1250 2237 benevolentiae
1295 2204 1335 2237 et
1376 2197 1509 2237 favori
1552 2197 1764 2248 omnium,
1807 2196 1877 2251 qui
1920 2196 1980 2235 1115

137 2263 285 2304 studiis
319 2263 419 2305 dant
451 2279 638 2321 operam,
667 2265 1006 2306 commendatum
1048 2280 1141 2305 esse
1172 2265 1295 2306 velim
1332 2281 1489 2321 eosque
1522 2281 1679 2322 aequos
1713 2266 1868 2321 incepti
1901 2266 1981 2305 mei

136 2334 443 2377 existimatores
491 2339 531 2374 et
577 2333 793 2374 adiutores
838 2334 928 2374 fore
980 2334 1159 2374 confido
1237 2334 1380 2390 Atque
1429 2336 1620 2390 quamvis
1659 2335 1770 2390 quod
1813 2335 1979 2389 suscepi

135 2416 243 2458 opus
282 2403 461 2458 spissum
496 2408 537 2442 et
569 2417 789 2457 operosum
825 2404 887 2455 sit,
931 2409 1073 2444 tamen
1105 2404 1291 2444 Terentii
1336 2419 1572 2445 sermonem
1605 2420 1629 2444 a
1660 2405 1833 2444 summis
1868 2404 1976 2443 Lati-

131 2471 272 2512 nitatis
303 2471 674 2523 existimatoribus,
698 2471 902 2513 Cicerone
926 2479 965 2513 et
988 2472 1185 2526 Caesare,
1219 2474 1381 2529 magnis
1403 2474 1558 2515 elatum
1582 2474 1777 2515 laudibus
1810 2473 1972 2528 aperire

131 2546 173 2581 et
204 2535 394 2595 digerere
428 2554 581 2596 operae
613 2541 796 2596 pretium
830 2556 922 2583 esse
954 2542 1132 2584 vide-tur.

267 2703 307 2746 2Τ)
335 2703 412 2744 1106,
430 2707 469 2735 ut
486 2714 592 2735 unum
613 2704 785 2745 proferam
805 2705 1011 2746 exemplum,
1037 2706 1071 2736 111
1092 2716 1123 2736 v.
1143 2707 1250 2737 Haut.
1269 2706 1343 2739 tim.
1367 2706 1431 2737 819
1459 2705 1562 2745 cadit,
1592 2705 1650 2735 ubi
1680 2705 1853 2743 mendum,
1880 2704 1972 2746 quod

129 2761 162 2791 in
190 2761 360 2793 Bembino
386 2763 537 2794 traditur
566 2762 1115 2804 LICITUMSI(TTANGERE),
1148 2764 1257 2794 multo
1288 2763 1425 2794 facilius
1459 2774 1499 2795 ex
1531 2765 1676 2804 pristino
1712 2762 1970 2794 LICITVMST

129 2828 232 2859 quam
261 2829 301 2849 ex
327 2819 623 2851 LICITUMEST
649 2819 807 2851 efficitur.
828 2839 863 2843 -ψ
895 2820 935 2861 ἒς)
964 2822 1055 2862 quod
1082 2822 1194 2862 ipsum
1222 2821 1326 2862 paulo
1354 2822 1543 2853 maioribus
1571 2832 1673 2862 quani
1701 2821 1765 2851 hoe
1793 2822 1968 2861 specimen

129 2876 174 2916 (p.
202 2876 245 2907 39
271 2877 361 2918 sqq.)
389 2877 584 2909 litterarum
611 2878 730 2909 formis
758 2878 1025 2910 describendum
1054 2879 1192 2910 curabo.
