2321 3835
682 272 891 304 prolegomena
912 272 949 297 ad
968 271 1084 296 lexicon
1104 269 1321 296 Terentianum.
1473 268 1480 274 “
1867 251 1922 294 29

79 401 216 457 colligi
247 400 415 457 poterit,
465 397 661 440 Bembini
694 397 825 439 verba
857 403 978 438 erunt
1017 395 1301 452 praeferenda
1341 393 1421 447 vel,
1472 393 1506 434 si
1549 393 1590 433 in
1633 392 1682 433 iis
1725 391 1920 447 peccavit

71 461 284 522 librarius,
317 475 439 510 caute
471 473 754 523 accurateque
787 465 1053 507 emendanda
1070 465 1096 508 ⁷.

251 539 393 593 Atque
425 538 504 578 hae
536 535 704 592 quidem
740 549 894 576 causae
926 540 1034 586 sunt,
1068 549 1142 574 cur
1175 531 1505 589 Umpfenbachii
1538 531 1666 572 solius
1695 530 1918 571 editionem

79 608 197 663 sequi
248 607 466 659 noluerim,
505 605 578 646 sed
623 618 916 661 quascumque
949 602 1152 644 editiones
1185 608 1226 643 et
1257 601 1557 656 disputationes
1590 600 1767 640 alicuius
1800 599 1920 654 pretii

77 676 253 734 adipisci
294 676 412 732 potui
442 676 481 715 in
514 689 635 715 usum
668 674 924 715 vocaverim.
959 671 1226 712 Vetustiores
1260 670 1478 722 editiones,
1527 684 1630 724 quas
1675 668 1845 723 quidem
1881 668 1919 707 in

79 754 272 788 notarum
305 744 443 785 indice
475 743 644 799 protuli,
676 741 942 797 gravioribus
964 741 1227 796 potissimum
1252 739 1355 780 locis
1378 738 1667 794 inspiciebam,
1702 737 1921 789 diligenter

79 822 220 857 autem
243 813 390 855 Rich.
415 812 697 865 ssentleiS,
731 809 1285 861 Alf1·.Fleekeiseni,
1310 808 1344 849 G
1364 823 1402 849 u.
1427 807 1706 861 XVagncri,
1738 821 1920 847 recen-

75 886 300 935 tiorum,
335 897 438 938 quos
462 881 801 932 commemoravi,
836 880 1039 921 editiones
1070 878 1374 935 perquirendas
1418 892 1509 918 esse
1542 877 1696 917 censui.
1735 875 1819 916 Ubi
1851 882 1922 916 aut

79 953 120 994 lii
154 952 336 993 editores
369 958 441 993 aut
471 951 567 992 libri
610 966 705 992 mss.
755 951 915 991 maiore
964 950 1005 989 in
1047 963 1090 989 re
1134 947 1453 1000 dissentiebant,
1504 961 1587 987 non
1638 946 1762 986 modo
1814 960 1921 1001 quae

81 1021 253 1077 singulis
287 1020 538 1062 lectionibus
571 1019 762 1060 codicum
788 1019 1018 1059 auctoritas
1051 1024 1161 1058 esset
1192 1016 1469 1072 inquirebam,
1503 1016 1575 1057 sed
1601 1016 1725 1055 etiam
1760 1021 1922 1055 ceteras

80 1091 263 1132 rationes
295 1091 384 1131 sive
415 1090 709 1144 grammaticas
743 1089 829 1129 sive
862 1087 1058 1128 metricas
1091 1093 1130 1128 et
1178 1086 1388 1141 reliquum
1438 1085 1677 1126 Terentiam
1722 1086 1922 1125 sermonis

80 1175 202 1200 usum
235 1159 565 1215 perpendebam,
604 1158 851 1214 priusquam
884 1156 956 1198 uni
987 1156 1160 1198 alterive
1184 1156 1417 1198 sententiae
1450 1170 1516 1196 me
1547 1154 1805 1210 applicarem
1839 1160 1922 1207 aut,

80 1228 196 1284 quod
227 1243 322 1270 raro
354 1229 513 1269 factum
546 1234 621 1282 est,
654 1229 744 1284 ipse
776 1241 928 1269 novam
962 1227 1209 1268 sententiam
1238 1225 1427 1281 proferre
1451 1224 1664 1265 auderem.
1700 1222 1922 1274 Quotiens-

78 1312 264 1354 cumque
293 1313 359 1339 res
391 1298 577 1339 nondum
609 1297 663 1338 ad
695 1296 899 1353 liquidum
932 1297 1139 1352 perducta
1168 1297 1260 1337 visa
1289 1301 1363 1349 est,
1396 1293 1531 1336 verba
1552 1292 1707 1334 tradita
1731 1292 1924 1332 divinatis

75 1367 377 1409 anteferebam.
412 1367 510 1420 Sed,
534 1384 583 1409 ne
616 1369 656 1408 in
687 1373 803 1408 tanta
833 1367 876 1409 vi
897 1367 1108 1408 variarum
1131 1366 1357 1407 lectionum
1380 1364 1651 1419 maximaque
1675 1362 1924 1403 difficultate

76 1453 180 1480 vera
220 1452 245 1479 a
288 1437 416 1491 falsis,
466 1437 752 1493 probabiliora
793 1452 817 1477 a
853 1436 988 1478 minus
1036 1435 1332 1492 probabilibus
1379 1432 1644 1474 discernendi
1686 1432 1853 1486 saepius
1885 1432 1924 1471 in

78 1521 266 1548 errorem
309 1506 505 1548 inductus
538 1507 800 1548 librariorum
848 1505 917 1547 vel
967 1505 1173 1546 editorum
1226 1503 1291 1545 vel
1324 1504 1405 1544 mei
1436 1504 1565 1559 ipsius
1598 1502 1814 1558 opiniones
1847 1515 1922 1555 pro

75 1575 340 1617 Terentianis
371 1577 631 1618 venditarem
665 1583 805 1632 atque,
857 1582 903 1616 ut
944 1574 1067 1616 simul
1109 1575 1335 1629 unicuique
1379 1573 1603 1627 legentium
1649 1571 1769 1625 copia
1813 1576 1924 1610 essct

79 1646 131 1687 de
164 1647 373 1702 scriptura
403 1653 577 1701 recepta
607 1646 695 1686 sinc
727 1645 812 1686 ullo
855 1644 1002 1686 labore
1034 1643 1260 1696 iudicandi,
1306 1641 1644 1698 discrepantibus
1675 1640 1924 1681 lectionibus

77 1716 423 1757 testimonia
469 1716 751 1767 codicum,
799 1714 1262 1765 scholiastarum,
1310 1718 1573 1753 veterum
1606 1710 1923 1765 grammati-

79 1799 286 1838 corum,
319 1786 604 1838 editorum,
649 1785 826 1826 aliorum
861 1785 1109 1826 virorum
1142 1783 1433 1824 doctorum
1468 1781 1682 1821 addere
1715 1779 1923 1821 constitui.

79 1855 138 1895 At
187 1855 227 1895 in
282 1854 518 1909 largissima
577 1855 789 1895 variarum
852 1853 1158 1909 scripturarum
1220 1852 1342 1907 copia
1402 1850 1553 1891 modus
1614 1849 1764 1904 aliquis
1825 1848 1926 1888 milii

41 1923 342 1965 'adhibendus
386 1930 486 1964 erat.
541 1923 682 1976 Quare
733 1925 914 1979 primum
949 1923 1144 1964 brevitati
1189 1922 1247 1962 ita
1298 1919 1450 1972 studui,
1494 1926 1551 1972 ut,
1595 1919 1667 1959 ubi
1709 1918 1760 1959 ad
1806 1918 1928 1972 plura

79 1994 252 2036 alicuius
301 1993 382 2034 loci
412 1993 545 2034 verba
577 1992 883 2048 discrepantiae
916 1992 1134 2046 graviores
1168 1989 1403 2040 exstabant,
1456 2004 1527 2029 eas
1560 1988 1684 2041 solas,
1733 2002 1840 2043 quac
1874 1986 1928 2026 ad

82 2063 338 2106 vocabulum
382 2063 532 2118 ipsum,
586 2063 705 2103 cuius
759 2077 890 2103 causa
949 2069 1061 2102 totus
1111 2060 1230 2101 locus
1283 2059 1432 2099 allatus
1483 2064 1585 2109 erat,
1647 2057 1927 2113 pertinebant,

81 2139 279 2174 accurate
321 2132 580 2185 adnotarem,
632 2138 868 2173 ceterorum
920 2138 1060 2172 autem
1105 2129 1345 2182 verborum,
1396 2129 1475 2170 nisi
1526 2129 1654 2169 artius
1708 2142 1801 2167 cum
1857 2124 1927 2164 illo

81 2201 378 2254 cohaerebant,
425 2202 587 2242 variam
631 2201 853 2243 lectionem
886 2201 952 2243 vel
984 2201 1147 2242 varium
1180 2199 1368 2240 ordinem
1404 2199 1602 2253 appositis
1636 2197 1763 2251 signis
1797 2194 1851 2252 [v.
1884 2195 1925 2251 lsj

81 2273 106 2315 i.
129 2287 164 2315 e.
187 2273 339 2313 varia
360 2271 533 2312 lectio
566 2279 637 2312 aut
671 2270 722 2328 [v.
756 2270 808 2328 o.]
842 2271 865 2311 i.
892 2287 926 2313 c.
960 2271 1150 2311 varius
1183 2283 1237 2309 or
1252 2268 1314 2308 do
1346 2268 1590 2308 indicarem.
1615 2266 1735 2307 Haec
1759 2280 1927 2321 quoque

83 2341 346 2395 omittebam,
397 2357 491 2382 cum
540 2340 723 2395 singulas
774 2340 933 2381 litteras
979 2340 1047 2380 vel
1094 2345 1182 2380 tota
1227 2339 1360 2378 verba
1398 2352 1453 2378 cx
1486 2335 1739 2377 coniecturis
1773 2335 1928 2390 scripta

83 2426 344 2466 receperam.
397 2411 463 2452 Ad
516 2410 592 2451 hos
645 2410 762 2452 locos
810 2408 1069 2451 denotandos
1121 2424 1217 2449 cum
1269 2408 1454 2448 omnium
1506 2407 1594 2447 fere
1645 2405 1927 2446 recentiorum

84 2481 290 2522 editorum
327 2481 675 2523 consuetudinem
725 2486 896 2522 secutus
943 2480 1102 2520 litteras
1159 2477 1353 2533 obliquas
1406 2475 1670 2516 adhibendas
1723 2488 1926 2525 curarem,

83 2549 156 2592 illa
229 2552 348 2606 signa
415 2550 573 2591 addere
648 2564 1013 2606 supervacaneum
1089 2547 1326 2588 videbatur.
1403 2546 1468 2586 Ita
1533 2551 1606 2585 aut
1681 2544 1745 2584 liis
1819 2543 1926 2583 notis

85 2621 290 2676 appositis
340 2626 412 2661 aut
459 2619 607 2660 litteris
658 2619 828 2675 oblique
877 2616 1088 2674 expressis
1142 2617 1328 2671 legentes
1379 2630 1463 2656 non
1511 2614 1646 2656 solum
1685 2613 1738 2654 ad
1773 2612 1925 2652 discre—

85 2691 270 2745 pantiam
323 2696 559 2732 exstantem
611 2696 791 2731 attentos
843 2689 997 2741 facere,
1048 2687 1122 2728 sed
1176 2687 1314 2739 etiam,
1366 2686 1398 2725 si
1454 2684 1525 2739 qui
1575 2684 1615 2724 in
1654 2683 1861 2737 scriptura
1903 2696 1928 2721 a

224 2819 249 2861 ³)
276 2818 364 2852 haec
404 2819 542 2861 Sydow.
584 2817 665 2849 ibid.
707 2828 739 2859 p.
767 2818 810 2849 65
852 2827 902 2858 sq.
929 2815 1125 2847 luculenter
1167 2814 1340 2855 exposuit.
1367 2831 1408 2836 -—
1435 2812 1462 2854 S)
1503 2810 1607 2842 huius
1633 2811 1710 2850 viri,
1750 2810 1808 2851 qui
1834 2812 1926 2839 recte

87 2876 244 2909 Terentii
269 2878 490 2910 Aristarchus
517 2879 728 2916 nominatur,
754 2875 925 2916 plurimae
951 2875 1123 2907 lectiones
1150 2878 1184 2904 et
1209 2872 1432 2903 coniecturae
1459 2870 1688 2911 dignissima(-
1717 2872 1809 2905 sunt,
1837 2877 1926 2907 quae

87 2938 343 2976 pernoscantur
367 2940 472 2978 atque
497 2937 724 2977 recipiantur.
750 2935 827 2965 Etsi
854 2934 1059 2976 plerumque
1086 2934 1228 2975 ingenio
1255 2933 1358 2964 nimis
1385 2931 1535 2963 indulsit
1562 2935 1595 2961 et
1617 2929 1794 2960 codicibus
1814 2929 1928 2958 minus

68 2996 253 3029 ‚accurate
279 3003 363 3024 usus
390 2997 452 3032 est,
477 2997 607 3035 tamen,
634 3003 711 3024 cum
738 2992 790 3034 (ut
817 2991 856 3022 G.
883 2993 1078 3023 Hermanni
1103 2991 1222 3023 verbis
1247 2991 1338 3032 utar)
1382 2992 1416 3021 ἱη
1441 3001 1477 3021 re
1502 2990 1639 3020 meli-iva
1666 2998 1749 3018 unca
1778 2985 1928 3025 nullique

89 3054 216 3082 lentata
241 3051 298 3081 ὐἷα
323 3049 370 3081 ad
391 3052 563 3082 veritatem
582 3053 780 3091 perruperit
806 3054 834 3082 et
860 3052 894 3081 in
920 3050 1153 3082 emendatione
1172 3053 1362 3089 poetarum,
1401 3049 1499 3079 eriam
1526 3047 1580 3076 nbi
1606 3050 1706 3078 errat.
1734 3047 1765 3075 in
1793 3044 1925 3074 demam

89 3107 232 3139 stranda
257 3107 535 3148 defendendaque
559 3109 722 3139 sententia
746 3119 807 3139 sua
833 3107 1046 3139 admirabilis
1062 3109 1114 3145 sit,
1141 3106 1271 3136 multas
1297 3115 1436 3146 quoque
1464 3104 1658 3135 sententias
1687 3103 1771 3138 cius,
1798 3111 1887 3142 quae
1907 3110 1927 3131 a

89 3166 268 3208 plerisque
294 3165 488 3196 editoribus
513 3175 583 3196 nou
608 3165 810 3206 probantur,
837 3163 1079 3196 memorabiles
1107 3173 1185 3194 esse
1212 3163 1325 3201 credo,
1352 3161 1558 3202 praesertim
1584 3170 1662 3190 cum
1690 3159 1810 3190 harum
1838 3158 1927 3189 alias

91 3233 113 3255 a
136 3223 291 3256 Luchsio
319 3227 353 3254 et
388 3223 589 3264 Brugmano
626 3224 662 3254 in
688 3222 954 3263 quaestionibus
981 3223 1092 3252 bonae
1117 3221 1227 3262 frugis
1265 3220 1391 3261 plenis,
1429 3228 1516 3259 quas
1559 3217 1600 3248 dc
1627 3216 1731 3247 rebus
1774 3217 1927 3247 metricis

93 3281 331 3321 confecerunt,
357 3281 470 3312 denuo
490 3279 762 3320 commendatas,
790 3280 912 3310 alias-a
937 3279 1137 3309 novissimis
1154 3277 1351 3309 fabularum
1381 3276 1572 3307 editoribus
1597 3275 1757 3306 defensas
1777 3274 1927 3306 videam.

91 3339 164 3370 Eas
189 3340 283 3371 solas
309 3339 351 3371 ab
379 3339 492 3369 indice
519 3338 780 3379 exclusi„q11ae
808 3348 885 3368 cum
904 3337 1039 3379 legibus
1066 3347 1085 3368 a
1111 3338 1195 3367 viris
1215 3335 1328 3365 doctis
1347 3335 1450 3365 liuius
1471 3335 1598 3364 aetatis
1618 3333 1742 3363 evictis
1768 3337 1929 3374 pugnant

94 3397 206 3438 (velut
246 3397 374 3429 formas
414 3400 529 3438 genet.
570 3397 605 3427 in
648 3398 698 3427 -αϊ
738 3400 905 3428 exeuntes
944 3395 1001 3426 vel
1050 3404 1231 3426 mensuras
1272 3392 1405 3424 similes
1454 3392 1581 3432 duplici
1623 3392 1659 3422 in
1708 3391 1813 3422 Haut.
1855 3390 1926 3421 tim.

91 3455 178 3498 prol.
202 3466 235 3487 v.
261 3457 306 3498 6).
