2321 3835
264 228 320 271 20
933 243 1137 275 Quaestiones
1157 241 1361 274 Terentianae,
1382 241 1419 274 11,
1437 241 1461 266 6.

263 367 477 417 eunuchus,
495 367 676 422 psaltria
699 368 996 423 (citharistria)
1020 368 1249 409 innotuisse
1271 368 1344 410 vix
1362 382 1533 424 possum
1551 366 1719 421 adduci,
1737 372 1783 409 ut
1803 366 2103 409 eredam.Asta

260 434 442 489 quidem,
460 441 506 476 ut
530 436 810 492 probabiliter
828 438 933 479 coici
951 437 1061 490 lieet,
1079 438 1159 478 iam
1180 437 1368 479 Naevius
1393 437 1458 478 vel
1473 437 1632 478 Paeuv.
1650 451 1732 478 non
1758 435 1889 477 semel
1906 435 2097 477 Athenas

259 504 597 559 nominaverant3
620 521 715 547 nam
744 505 984 548 fabularum
1008 506 1217 562 Astioloya
1240 513 1280 547 et
1302 506 1434 548 Asta-i
1453 507 1623 547 nomina
1645 522 1692 547 eo
1714 507 1927 562 pertinere
1951 503 2096 546 viden-

259 578 339 613 tur.
365 572 534 614 Deinde
569 577 797 631 asymbolus
825 576 1032 617 adieetivo
1066 576 1248 616 fortasse
1282 577 1362 615 iam
1392 575 1554 616 Ennius
1582 590 1682 616 usus
1713 582 1821 628 erat3
1861 574 2013 616 etenim
2050 573 2102 614 ad

256 640 426 684 Phorm.
446 644 528 685 339
548 645 678 685 verba
714 646 795 687 Ten
815 645 1061 702 asymbolum
1079 647 1214 686 venire
1232 652 1393 686 unctum
1416 652 1534 699 atque
1566 644 1720 685 lamma
1739 661 1758 686 e
1777 644 1948 685 balineis
1973 667 2014 673 -—
2037 644 2053 682 Ι
2064 648 2105 682 et

258 724 366 763 quae
399 726 492 767 sqq.
526 713 720 755 Donatus
754 715 928 756 adnotat
959 715 1068 755 Ilaec
1098 730 1172 755 11011
1208 714 1259 754 ab
1291 714 1550 769 Apollodoro,
1582 714 1653 754 sed
1685 730 1704 754 e
1734 721 1845 755 sexto
1876 714 2105 754 satirarum

254 779 409 821 Ennii
436 783 639 824 translata
668 791 760 825 sunt
790 786 964 825 (mimia.
997 783 1093 823 Hoc
1126 783 1393 833 adiectivum‚
1428 782 1502 822 etsi
1526 783 1565 822 in
1588 782 1741 836 verbis,
1776 798 1884 837 quae
1908 783 2102 823 Donatus

256 848 346 904 ipse
378 865 430 890 ex
462 850 597 892 Ennio
630 852 782 905 adfert,
826 868 910 893 non
953 853 1072 905 inest,
1117 857 1257 891 tamen
1289 852 1329 892 in
1362 851 1532 906 reliquis
1566 851 1687 892 huius
1719 853 1872 892 satirae
1904 850 2103 892 versibus

255 919 466 960 exstitisse
510 920 623 961 haud
665 921 944 977 improbabile
989 921 1050 961 sit.
1089 920 1270 961 Colacem
1312 935 1438 975 porro
1471 919 1690 960 Menandri
1724 921 1804 960 iam
1836 919 2021 961 Naevius
2063 925 2104 959 et

254 986 426 1029 Plautus
457 989 498 1030 in
530 1004 768 1031 sermonem
793 990 991 1031 Latinum
1025 996 1324 1031 converterant
1347 989 1582 1045 eodemque
1614 988 1683 1029 ille
1716 989 1883 1029 nomine
1915 988 2102 1044 appella-

252 1057 337 1098 tivo
370 1057 662 1114 inscripserat3
706 1060 928 1100 Terentius
972 1065 1110 1100 autem
1156 1059 1329 1114 propria
1370 1058 1492 1099 liuius
1534 1059 1712 1099 nominis
1754 1059 1923 1099 notione
1961 1059 2102 1111 utitur,

255 1131 302 1166 ut
332 1125 468 1168 lusum
501 1128 728 1169 verborum
763 1129 950 1169 efficeret
981 1128 1092 1169 hunc

633 1208 784 1250 C'olaoe
815 1209 1040 1250 ZlIenamlri
1068 1216 1145 1250 est:
1179 1210 1221 1250 in
1252 1216 1333 1251 east
1358 1211 1580 1265 pmasz'ms
1611 1209 1753 1251 colam

630 1279 683 1320 Et
713 1279 826 1319 miles
855 1278 1071 1333 fslorioeaa

249 1352 356 1396 Tum
381 1357 585 1411 psaltriae
606 1358 808 1399 Romanis
849 1365 962 1400 certe
994 1358 1047 1399 ab
1079 1373 1187 1399 anno
1215 1360 1291 1400 187
1323 1359 1390 1401 vel
1429 1360 1504 1401 186
1532 1374 1568 1402 a.
1596 1358 1695 1400 Chr.
1727 1374 1765 1401 n.
1799 1364 1923 1399 notae
1956 1364 2099 1411 erant3

251 1439 347 1465 nam
370 1426 464 1467 Liv.
489 1427 706 1481 XXXIX,
728 1429 767 1481 6,
792 1430 815 1469 8
850 1428 901 1469 de
934 1428 996 1468 1115
1028 1429 1146 1469 annis
1179 1427 1303 1469 tradit
1341 1429 1449 1469 Tunc
1478 1428 1681 1484 psaltriae
1712 1429 2102 1483 sambucz'striaeque

250 1501 284 1534 et
322 1496 547 1537 convivalia
589 1496 716 1553 [alia]
760 1498 949 1539 ludorum
991 1498 1272 1539 oblectamenta
1317 1499 1460 1539 addita
1500 1498 1643 1553 epulis.
1695 1498 1845 1553 Neque
1887 1497 2007 1538 aliter
2049 1497 2100 1537 de

247 1565 522 1606 calmo-istriae
548 1566 716 1606 nomine
751 1566 1015 1607 sentiendum
1052 1568 1140 1607 erit.
1174 1567 1372 1622 Denique
1403 1569 1674 1608 eunuchormn
1704 1581 1857 1607 nomen
1891 1581 1944 1607 ex
1976 1565 2099 1606 bellis

249 1632 395 1673 saltem
446 1635 486 1674 in
527 1635 631 1675 Asia
677 1636 805 1689 gestis
852 1636 1012 1676 Romae
1059 1643 1203 1677 notum
1251 1636 1558 1691 vulgatumque
1604 1637 1732 1677 fuisse
1779 1637 1871 1692 quis
1919 1641 1982 1676 est
2027 1635 2100 1691 qui

249 1703 409 1757 neget?
454 1704 504 1744 In
535 1703 646 1744 idem
679 1705 767 1746 fere
798 1711 967 1761 tempus
1000 1706 1181 1746 referam
1214 1706 1532 1746 translationem
1565 1706 1740 1746 nominis
1774 1713 1991 1762 satrapa&
2029 1705 2099 1760 qui

251 1787 353 1812 usus
386 1774 478 1813 usui
511 1774 735 1830 Babylonis
769 1774 1019 1816 substantivi
1053 1776 1148 1831 (pro
1181 1775 1346 1816 homine
1379 1775 1580 1815 ditissimo
1614 1781 1655 1815 et
1686 1776 1871 1816 maxime
1901 1774 2098 1830 prodigo)

247 1841 289 1880 in
331 1841 512 1898 Adelph.
545 1844 627 1883 915
660 1844 893 1884 simillimus
937 1851 1011 1887 est.
1065 1845 1163 1885 Veri
1207 1844 1340 1885 simile
1383 1846 1505 1886 etiam
1550 1851 1614 1885 est
1654 1847 1840 1899 cetarios,
1871 1846 2097 1886 commassa-

248 1917 383 1962 torem,
415 1914 649 1964 stomachor,
696 1919 742 1953 ut
786 1919 926 1955 cetum
969 1920 1010 1954 et
1052 1915 1301 1955 commissor
1333 1920 1373 1955 et
1405 1915 1682 1966 stomachum⁷
1727 1920 1821 1954 ante
1855 1914 2096 1954 Terentium

252 1981 404 2021 usitata
435 1980 586 2035 fuisse3
619 1988 745 2037 atque
779 1983 978 2024 Latinum
1011 1985 1169 2025 vietum
1202 1985 1243 2024 in
1278 1983 1383 2025 Eun.
1418 1985 1497 2025 257
1535 1984 1588 2024 ab
1621 1985 1701 2024 hoe
1735 1998 1826 2024 esse
1860 1989 2097 2038 spectatum

249 2050 458 2091 contendit
489 2050 695 2103 Donatus,
730 2066 824 2092 011111
857 2052 1032 2093 adnotat
1063 2052 1248 2101 ‘struo-233
1284 2053 1397 2104 lanii,
1439 2055 1564 2108 coqui,
1599 2052 1807 2109 fartores]
1860 2050 2096 2108 Ἀμάρτημα

250 2122 440 2161 comicum
451 2135 468 2172 ;
518 2121 561 2160 in
609 2121 791 2176 palliata
839 2138 903 2163 res
943 2123 1151 2163 Romanas
1202 2123 1403 2178 loquitur]
1465 2123 1522 2162 At
1555 2124 1713 2178 pysis-so
1756 2128 1797 2163 et
1841 2124 1972 2164 riscus
2022 2138 2097 2164 5110

248 2189 338 2230 iure
382 2203 435 2230 ex
479 2188 645 2230 Graeco
696 2191 900 2245 scriptore
942 2191 1172 2246 sumpsisse
1223 2190 1403 2232 videtur.
1452 2191 1611 2232 Prioris
1659 2193 1766 2232 enim
1814 2191 1932 2233 verbi
1980 2192 2095 2232 notio

248 2258 400 2299 Latine
431 2258 618 2299 breviter
646 2260 823 2315 exprimi
864 2260 1009 2315 nequit
1039 2275 1118 2301 nec
1150 2261 1305 2300 riseum
1339 2260 1462 2315 plane
1491 2260 1602 2300 idem
1633 2275 1724 2301 esse
1768 2275 1921 2302 censeo
1964 2267 2094 2316 atque

247 2327 387 2368 Plauti
417 2327 619 2370 vidulum.
684 2328 810 2379 Quod
842 2330 1036 2385 ephebum
1073 2330 1182 2385 (nisi,
1229 2329 1270 2369 id
1311 2330 1425 2385 quod
1459 2330 1602 2383 eredo,
1636 2337 1759 2371 antea
1789 2331 1869 2371 1100
1903 2330 2033 2371 subst.
2073 2345 2098 2370 a

249 2396 412 2438 Naevio
444 2396 514 2437 vel
543 2397 737 2438 Plautow
759 2404 821 2439 est
852 2399 1119 2454 usurpatum)
1157 2399 1378 2440 Terentius
1416 2399 1639 2452 transtulit,
1676 2414 1771 2440 eum
1815 2399 1952 2440 studio
2001 2399 2090 2439 eius

252 2465 420 2507 Graeca
451 2472 648 2507 accurate
698 2466 905 2508 reddendi
949 2467 1170 2521 eohaeret3
1218 2467 1399 2508 formula
1442 2468 1611 2523 quidem
1655 2469 1716 2524 (in
1757 2468 1890 2510 Andr.
1935 2468 2008 2524 51)
2050 2483 2100 2509 ex

254 2536 414 2591 ephebis
435 2537 597 2576 eoecessz't
618 2551 790 2591 prorsus
806 2536 1000 2576 Graecae
1024 2535 1062 2582 ἐξ
1094 2535 1250 2592 ἐφήβων
1284 2536 1427 2592 ἐξῆλθε
1450 2537 1680 2592 respondet
1711 2553 1850 2592 neque
1874 2538 2096 2593 quisquam

253 2604 487 2658 mirabitur,
512 2604 625 2659 quod
648 2605 870 2645 Terentius
894 2606 1054 2646 Simoni
1077 2607 1320 2647 Atheniensi
1345 2606 1425 2647 hoe
1457 2607 1601 2648 ‘filium
1627 2622 1747 2648 suum
1771 2615 1911 2662 togam
1933 2606 2095 2648 virilem

254 2674 494 2729 sumpsisse'
527 2673 712 2714 tribucre
745 2676 902 2714 veritus
935 2680 1010 2715 est.
1044 2673 1209 2714 Eodem
1242 2674 1504 2716 substantivo
1538 2677 1577 2716 in
1610 2676 1720 2720 Eun.
1754 2677 1836 2718 823
1868 2690 1929 2731 sq.

883 2767 976 2808 TH.
1007 2766 1107 2814 Qaz‘s
1128 2768 1222 2823 fecit
1253 2769 1412 2823 iyitar?
1443 2767 1531 2809 PY.
1565 2769 1644 2809 Iste
1678 2768 1875 2810 Chaerea.

566 2835 660 2878 TH.
692 2835 775 2884 Qui
798 2835 1012 2877 Chaerea?
1035 2835 1123 2877 PY.
1147 2836 1226 2877 Iste
1247 2837 1613 2892 ephebusfrater
1636 2838 1877 2881 Phaedriae.

255 2913 426 2972 Pythias
461 2915 708 2957 brevissime
734 2916 966 2958 Chaeream
992 2916 1194 2957 describit
1216 2916 1533 2959 adulescentem
1566 2918 1750 2959 nondum
1782 2919 1932 2973 viginti
1963 2933 2095 2960 annos

255 2991 413 3027 natum.
437 2985 617 3041 Reliqua
642 3001 723 3027 non
746 2987 881 3040 inagis
904 3000 1222 3041 supervacanea
1255 2993 1352 3026 sunt
1383 3001 1516 3042 eaque
1536 2994 1704 3042 praeter
1735 2989 1905 3029 nomina
1932 2990 2097 3044 parasi-

256 3061 428 3096 tastrum
462 3061 501 3096 et
529 3057 772 3112 phaleratus
804 3055 856 3097 ab
881 3055 1087 3096 Cicerone
1120 3062 1160 3096 et
1182 3055 1360 3096 Horatio
1395 3055 1682 3112 comprobata.
1721 3056 1776 3097 Ut
1806 3057 1938 3098 libere
1969 3058 2097 3113 igitur

256 3123 477 3166 Terentius
510 3125 685 3167 Graecis
727 3126 948 3167 vocabulis
991 3125 1202 3177 utebatur,
1255 3140 1364 3180 quae
1396 3132 1493 3166 ante
1525 3127 1656 3181 ipsius
1689 3133 1868 3167 aetatem
1903 3142 2097 3168 sermone

258 3194 410 3234 Latino
443 3195 562 3248 quasi
594 3201 767 3250 recepta
806 3196 1036 3253 invenerat,
1068 3195 1123 3235 ita
1168 3201 1364 3236 cautum
1409 3210 1517 3235 sese
1560 3196 1845 3251 praebebat
1885 3197 1932 3237 in
1976 3196 2093 3236 aliis

389 3310 432 3351 40)
458 3309 606 3343 Vahlen.
634 3312 669 3342 in
695 3312 813 3345 Hernn
852 3311 920 3344 vol.
948 3311 1037 3351 XV„
1077 3322 1110 3353 p,
1135 3312 1201 3342 ‘259
1228 3312 1429 3343 coniectura
1461 3311 1526 3343 hoc
1554 3310 1729 3346 substant.
1755 3313 1789 3343 in
1817 3311 1946 3344 Bacch.
1972 3322 2004 3343 v.
2033 3313 2098 3344 140

261 3367 514 3399 restituendum
554 3380 629 3401 esse
665 3372 795 3402 censet.
835 3387 874 3393 —
916 3369 1000 3400 Sero
1035 3370 1109 3400 vidi
1141 3370 1210 3400 iam
1244 3370 1303 3399 uni
1347 3379 1387 3400 ex
1421 3369 1566 3401 Caecilii
1597 3369 1700 3402 Statii
1739 3370 1868 3402 sabulis
1908 3369 2099 3412 Synephebi

259 3434 389 3457 nomen
414 3426 534 3461 fuisse.
