2321 3835
331 266 355 307 8
986 279 1182 312 Quaestionum
1201 281 1411 315 Terentianae,
1431 283 1454 314 1,
1475 285 1500 310 4.

330 404 557 445 Arruntius
591 403 740 455 Celsus,
772 412 806 446 et
836 406 952 447 addit
984 409 1158 463 ‘atzte'qeii
1186 409 1290 450 enim
1319 409 1501 451 dicebant
1531 410 1692 452 ardere*
1719 426 1796 466 pro
1827 410 1991 451 amare'.
2046 409 2162 450 Prio-

330 473 445 513 ribus
476 471 619 513 verbis
650 474 749 514 satis
782 473 905 515 claris
930 474 1155 516 Arruntius
1178 475 1328 518 Celsus
1360 484 1509 518 auctor
1538 477 1648 519 illius
1681 478 1972 534 explicationis
2003 491 2161 518 nuncu-

328 546 466 596 patur,
509 541 824 596 posterioribus,
862 543 939 584 nisi
986 545 1124 585 omnia
1155 559 1222 585 me
1253 545 1414 598 fallunt,
1447 552 1535 587 tum
1568 546 1738 587 demum
1769 546 1973 587 sententia
2004 544 2164 596 subest,

331 610 363 650 si
394 608 642 650 Arruntium
662 611 818 670 rtarclere
848 612 889 653 in
921 612 1153 669 exemplari
1194 628 1269 655 suo
1309 614 1461 669 legisse
1502 615 1716 656 sumimus.
1749 615 1894 670 Atque
1926 612 2056 654 habet
2086 612 2168 653 hoc

330 676 521 729 verbum,
565 692 647 733 quo
692 680 1021 722 commendetur.
1070 681 1263 736 Namque
1305 682 1417 723 hunc
1460 682 1630 723 alterius
1673 688 1770 738 post
1801 682 1900 725 Chr.
1932 698 1971 724 n.
2005 681 2165 724 saeculi

330 746 664 800 grammaticum,
712 763 838 803 quem
880 749 1073 791 Plautino
1116 757 1156 791 ct
1186 751 1438 792 Terentiano
1487 751 1670 792 sermoni
1701 751 1954 807 explicando
1988 765 2164 808 operam

331 814 500 855 dedisse
532 821 707 869 constat,
738 817 1086 873 incorruptiorem
1109 818 1292 860 Terentii
1325 818 1550 860 verborum
1582 825 1733 860 testem
1756 834 1848 861 esse
1880 835 2007 876 quam
2030 821 2169 876 ipsum

331 882 520 924 codicem
552 884 818 938 Bembinum,
853 887 1009 942 quippe
1041 888 1112 942 qui
1144 893 1293 942 quarto
1316 886 1385 929 vel
1407 888 1552 943 quinto
1576 887 1744 928 saeculo
1770 888 1949 944 scriptus
1974 890 2039 944 sit,
2072 904 2168 930 cum

330 967 406 1007 per
437 967 482 993 se
513 954 602 993 veri
633 954 765 994 simile
797 955 860 1007 sit,
893 961 981 996 tum
1007 970 1062 996 ex
1094 956 1181 997 eius
1212 956 1626 1012 interpretationibus
1649 971 1674 997 a
1696 956 1885 997 Charisio
1913 957 2071 1000 allatis)
2101 972 2170 999 co-

329 1021 557 1075 gnoscitur.
591 1021 657 1063 An
689 1023 785 1064 inde
816 1039 840 1064 a
873 1030 1021 1079 quarto
1053 1025 1143 1066 sive
1175 1026 1320 1080 quinto
1353 1024 1522 1066 saeculo
1547 1026 1758 1081 corrumpi
1789 1025 1974 1066 Terentii
2005 1025 2172 1067 fabulas

331 1089 531 1144 potuisse,
563 1106 644 1132 non
677 1093 864 1147 potuisse
896 1100 990 1134 ante
1022 1093 1128 1135 haec
1160 1094 1330 1135 saecula
1362 1094 1577 1149 opineris?
1609 1093 1747 1146 Adde,
1781 1093 1895 1149 quod
1919 1095 2062 1135 ardere
2090 1110 2173 1135 non

331 1158 457 1199 modo
490 1160 656 1201 amandi
686 1160 818 1202 verbo
850 1161 1102 1216 singularius
1136 1169 1211 1213 est,
1244 1163 1318 1203 sed
1351 1164 1475 1203 etiam
1499 1168 1539 1203 et
1571 1168 1703 1203 metro
1738 1168 1778 1203 et
1811 1163 2043 1204 sententiae
2065 1163 2175 1204 bene

333 1228 541 1270 convenit.
604 1229 661 1269 At
692 1237 825 1283 erunt,
870 1231 940 1285 qui
971 1237 1127 1284 negent
1156 1231 1305 1272 ardere
1337 1231 1405 1272 hic
1436 1247 1460 1272 a
1490 1231 1690 1274 Terentio
1722 1232 1905 1287 positum
1938 1247 2044 1285 esse,
2078 1247 2175 1273 cum

332 1296 482 1338 eodem
514 1297 603 1339 fere
635 1313 783 1339 versus
816 1299 932 1340 exitu
965 1314 1065 1340 usus
1092 1300 1145 1340 sit
1175 1300 1216 1341 in
1249 1300 1377 1342 Haut.
1411 1301 1496 1343 tim.
1530 1317 1569 1344 V.
1602 1303 1654 1344 97

767 1381 872 1422 Eius
888 1381 1028 1435 filicem
1058 1382 1126 1423 itte
1158 1397 1296 1423 (wilare
1327 1384 1456 1437 coepit
1479 1383 1652 1438 perdite.

332 1458 476 1501 Verba
508 1459 676 1516 quidem
718 1460 928 1502 simillima
975 1477 1066 1503 esse
1108 1477 1231 1504 nemo
1278 1477 1360 1503 non
1390 1462 1519 1515 videt,
1559 1469 1743 1504 attamen
1791 1462 1871 1503 loci
1914 1461 2175 1519 aliquantum

331 1530 440 1569 inter
471 1544 515 1571 se
547 1529 759 1573 differunt.
793 1531 840 1572 In
874 1531 1002 1574 Haut.
1037 1532 1121 1573 tim.
1156 1533 1263 1572 enim
1296 1531 1450 1587 puella,
1483 1547 1588 1573 anus
1620 1531 1906 1588 pauperculae
1938 1530 2038 1586 filia,
2081 1546 2178 1573 vere

332 1604 497 1639 amatur
528 1614 552 1639 a
584 1598 731 1653 Clinia,
763 1607 808 1641 ut
843 1616 896 1642 ex
926 1600 1069 1642 verbis
1101 1601 1421 1657 insequentibus

766 1683 900 1738 Prope
930 1681 1055 1739 [iam]
1087 1690 1131 1723 ¹zet
1159 1699 1238 1738 pro
1272 1698 1396 1724 nocere
1426 1684 1585 1725 haberet

334 1755 375 1790 et
406 1763 458 1790 ex
490 1750 760 1792 accusatione
793 1751 924 1807 patris
957 1751 1138 1792 efficitur
1169 1752 1226 1807 (v.
1264 1752 1342 1793 102
1376 1752 1488 1807 sqq.)

1200 1821 1314 1874 Hem,
1346 1821 1468 1862 tibine
1498 1823 1596 1863 haec
1625 1822 1781 1863 (lintius

770 1889 906 1931 Licere
936 1906 1077 1946 speras
1095 1891 1242 1946 fucere
1272 1907 1331 1932 'me
1361 1892 1449 1932 vivo
1474 1898 1608 1947 patre,

769 1958 955 2000 Amicam
987 1967 1030 2000 ut
1061 1961 1210 2001 habeas
1236 1977 1370 2016 prope
1403 1962 1485 2002 iam
1518 1962 1559 2002 in
1593 1963 1733 2002 ztworis
1765 1961 1880 2001 loco?

335 2037 484 2092 Longe
533 2037 652 2079 aliter
701 2054 768 2080 res
819 2041 861 2081 in
904 2040 1160 2082 Phormione
1204 2047 1278 2093 est,
1329 2041 1398 2082 ubi
1440 2040 1689 2082 adulescens
1732 2041 2023 2092 citharistriae,
2070 2054 2180 2095 quae

337 2107 542 2148 ‘serviebat
573 2108 704 2149 Zenoni
734 2110 1019 2165 iupurissumo'
1053 2116 1215 2151 amator
1246 2110 1337 2151 fieri
1367 2125 1451 2151 non
1483 2116 1658 2166 poterat,
1693 2111 1792 2166 quia
1823 2115 1955 2166 pater,
1994 2124 2046 2150 ne
2081 2108 2182 2165 quid

336 2176 373 2216 ei
395 2175 509 2231 quod
542 2176 712 2218 daretur
743 2185 865 2232 esset,
900 2186 1066 2220 curarat
1097 2180 1153 2235 (v.
1186 2180 1286 2236 84);
1319 2194 1450 2236 quare

773 2260 969 2301 Restabat
999 2260 1116 2301 (elizaei
1147 2261 1205 2302 nit
1237 2262 1316 2302 nisi
1344 2260 1475 2302 oculos
1499 2276 1679 2316 pascere,

774 2328 944 2380 Sectcire',
979 2331 1020 2370 ἰη
1051 2329 1192 2370 Ζιιεῐιωη
1222 2330 1363 2370 ducere
1394 2336 1429 2370 et
1462 2329 1685 2370 redducere.

337 2406 526 2449 Ardendi
567 2408 693 2462 igitur
739 2408 929 2461 verbum,
979 2424 1062 2465 quo
1105 2411 1267 2450 animus
1309 2409 1482 2450 alicuius
1525 2408 1754 2464 cupiditate
1796 2408 2069 2451 vehementer
2114 2410 2181 2464 agi

338 2477 502 2530 dicitur,
547 2476 644 2518 huic
684 2477 776 2518 loco
822 2479 959 2534 aptius
1002 2494 1093 2520 esse
1138 2479 1346 2521 existimo.
1400 2478 1519 2530 Quae
1564 2479 1825 2534 comparatio
1858 2479 2042 2519 amoris
2085 2493 2181 2519 cum

475 2593 501 2635 S)
529 2593 622 2635 quod
646 2593 899 2635 Umpfenbach.
926 2595 959 2626 111
985 2594 1051 2626 hoc
1077 2596 1278 2627 testimonio
1305 2594 1440 2636 prolato
1469 2598 1549 2636 post
1580 2595 1701 2628 ardere
1726 2595 1825 2626 uncis
1852 2594 2023 2627 inclusum
2049 2595 2183 2627 addidit

339 2651 400 2688 (an
437 2650 631 2693 deperire&
667 2651 854 2683 delendum
888 2656 949 2691 est,
983 2652 1024 2683 cf.
1062 2653 1171 2684 eiusd.
1203 2652 1313 2694 praef.
1353 2663 1382 2694 p.
1425 2652 1658 2684 LXXXVIII.
1686 2671 1728 2676 —
1754 2652 1779 2695 9)
1809 2654 1962 2695 quinque
1999 2657 2184 2694 praeterea

338 2707 437 2747 locis,
475 2708 532 2749 qui
566 2709 650 2739 item
688 2708 862 2740 adunam
887 2709 1049 2741 Phorm.
1083 2709 1238 2741 fabulam
1270 2711 1457 2752 pertinent,
1489 2720 1508 2741 a
1536 2709 1697 2742 charisio
1725 2709 1849 2741 Celsus
1877 2713 2182 2744 commemoratur.

338 2765 455 2807 Atque
480 2767 673 2807 praestanti
699 2766 792 2798 hunc
819 2767 977 2808 exemplo
1004 2768 1083 2799 Ter.
1108 2768 1305 2799 fabularum
1333 2778 1434 2799 usum
1461 2778 1537 2799 esse
1563 2767 1645 2798 inde
1671 2770 1778 2808 patet,
1805 2767 1897 2808 quod
1922 2768 1958 2798 in
1983 2767 2124 2802 Phorm.
2150 2779 2181 2800 v.

339 2823 404 2854 643
430 2824 618 2865 genuinam
643 2823 831 2854 lectionem
858 2824 944 2865 (GE.
976 2825 1089 2863 Quid?
1114 2827 1252 2857 nimium
1279 2830 1448 2866 «saccutum.
1477 2825 1552 2858 CH.
1583 2825 1779 2863 Quantum?
1803 2824 1883 2866 dic),
1910 2835 2014 2866 quam
2032 2825 2182 2859 Palmer.

339 2879 468 2922 aliique
494 2882 559 2912 viri
578 2881 671 2912 docti
688 2891 749 2922 pro
768 2882 893 2922 spuriis
913 2882 1073 2913 codicum
1092 2886 1125 2914 et
1143 2882 1413 2914 scholiastarum
1427 2883 1606 2923 scripturis
1625 2883 1801 2922 (quantum
1819 2882 1911 2913 licuit
1931 2883 1995 2928 A}
2021 2889 2183 2925 quantum

341 2937 435 2968 tibuit
459 2936 505 2978 pl.
533 2937 631 2978 Call„
652 2938 769 2980 Eugr.,
795 2939 905 2979 Don.;
936 2939 1038 2971 voluit
1064 2939 1178 2972 Bentl.
1207 2939 1282 2972 cod.
1310 2942 1375 2971 900
1401 2940 1495 2980 ann.)
1522 2939 1669 2970 divinati
1702 2942 1810 2980 erant,
1837 2940 1914 2981 ipse
1940 2941 2046 2983 legit3
2082 2942 2117 2973 id
2141 2954 2184 2975 ex

340 2994 394 3026 his
431 3004 485 3036 ap.
522 2995 656 3027 Charis.
687 3007 720 3037 p.
758 2997 821 3027 207
855 2996 970 3027 verbis
1017 2995 1164 3027 efficitur
1203 2998 1354 3028 ‘nimium
1389 2995 1557 3036 quantum'
1600 2996 1773 3029 Terentius
1807 3000 1840 3029 in
1874 2998 2090 3039 Phormione,
2127 3001 2185 3032 ubi

345 3051 456 3083 Celsus
480 3056 552 3093 ‘pro
584 3055 732 3092 nimium,
772 3058 804 3085 ut
830 3055 973 3086 immcme
999 3057 1168 3094 quantum,
1206 3053 1399 3086 incredibile
1437 3053 1628 3094 qnantum&
1667 3053 1752 3087 ‘licet
1789 3056 1925 3097 qnidam
1961 3059 2008 3088 sic
2047 3057 2182 3100 teyant',

342 3111 459 3150 inquit,
492 3114 537 3142 ‘nt
560 3113 729 3143 nimium
753 3122 866 3144 servus
893 3111 991 3149 dicat,
1019 3114 1217 3151 quantum
1246 3121 1320 3143 vero
1344 3122 1462 3144 senem:
1486 3112 1546 3144 sect
1568 3113 1763 3153 &equanam
1789 3113 2045 3157 intelieguntnr’.
2083 3114 2184 3146 Haec

340 3165 465 3198 ultima
489 3172 610 3209 aperte
636 3168 829 3209 depravata
854 3168 967 3202 Bentl.
1001 3163 1150 3205 correxit
1177 3170 1211 3198 in
1243 3168 1303 3200 sect
1331 3171 1527 3201 sentenciam
1560 3181 1629 3202 non
1666 3171 1883 3213 inlelleyunt;
1920 3173 2035 3204 minus
2073 3172 2181 3204 libere

342 3223 562 3256 scribendum
600 3227 841 3267 proposuerim
874 3226 934 3258 sed
968 3237 1059 3259 secus
1094 3228 1267 3266 sequentia
1305 3226 1585 3270 intelleyzivztszcyj.
1624 3247 1667 3253 -—
1703 3228 1863 3270 Reliquis
1898 3228 1985 3260 locis
2018 3230 2180 3261 notiones

342 3281 522 3322 quasdam,
549 3292 637 3323 quae
663 3284 700 3314 iu
724 3284 852 3314 nostris
879 3294 1018 3325 quoque
1045 3283 1226 3316 codicibus
1253 3288 1413 3315 servatae
1440 3287 1529 3324 suut,
1557 3289 1650 3316 recte
1678 3285 1845 3326 explieat3
1872 3287 1907 3317 in
1932 3296 1964 3318 v.
1991 3288 2033 3318 95
2061 3286 2179 3328 (Char.

341 3347 374 3378 p.
400 3339 478 3379 223)
504 3339 556 3370 hic
584 3341 723 3372 uiciniae
748 3340 996 3372 adverbialiter
1031 3344 1070 3372 ut
1107 3340 1200 3371 domi
1238 3339 1467 3382 militiaeque,
1502 3343 1538 3372 iu
1577 3353 1610 3375 V.
1645 3344 1709 3374 194
1734 3343 1779 3374 ibi
1797 3344 2017 3383 plurimum-st
2041 3354 2103 3385 pro
2129 3343 2179 3375 ibi

343 3403 460 3435 saepe,
485 3395 533 3426 ibi
558 3396 758 3438 frequenter
784 3402 846 3437 est,
871 3399 907 3429 in
931 3408 964 3429 v.
991 3399 1056 3430 687
1084 3397 1203 3439 (Char.
1231 3398 1308 3439 ⁶222)
1335 3402 1370 3430 ut
1394 3409 1456 3439 pro
1486 3399 1620 3431 utinam
1645 3401 1797 3441 positum
1824 3411 1900 3432 esse
1927 3400 2033 3433 docet
2067 3406 2101 3434 et
2135 3402 2180 3434 ad

344 3462 375 3484 v,
402 3452 467 3484 978
493 3453 655 3495 antiquos
674 3455 858 3496 publicitus
884 3458 919 3487 et
945 3455 1083 3489 claritas
1106 3465 1168 3496 pro
1194 3454 1334 3496 publice
1361 3455 1524 3498 clareque
1551 3456 1680 3490 dixisse
1706 3457 1861 3490 adnotat.
