<?xml version="1.0" encoding="UTF-8"?>
<!DOCTYPE html PUBLIC "-//W3C//DTD XHTML 1.0 Transitional//EN"
    "http://www.w3.org/TR/xhtml1/DTD/xhtml1-transitional.dtd">
<html xmlns="http://www.w3.org/1999/xhtml" xml:lang="en" lang="en">
 <head>
  <title>
</title>
<meta http-equiv="Content-Type" content="text/html;charset=utf-8" />
  <meta name='ocr-system' content='tesseract 3.04.00' />
  <meta name='ocr-capabilities' content='ocr_page ocr_carea ocr_par ocr_line ocrx_word'/>
</head>
<body>
  <div class='ocr_page' id='page_1' title='image "./terentianaquaest00haul_0026.png"; bbox 0 0 2321 3835; ppageno 0'>
   <div class='ocr_carea' id='block_1_1' title="bbox 272 180 1461 228">
    <p class='ocr_par' dir='ltr' id='par_1_1' title="bbox 272 180 1461 228">
     <span class='ocr_line' id='line_1_1' title="bbox 272 180 1461 228; baseline -0.002 -6"><span class='ocrx_word' id='word_1_1' title='bbox 272 180 327 222; x_wconf 78' lang='lat'>22</span> <span class='ocrx_word' id='word_1_2' title='bbox 917 193 1115 225; x_wconf 74' lang='lat' dir='ltr'>Quaestiones</span> <span class='ocrx_word' id='word_1_3' title='bbox 1135 194 1341 228; x_wconf 72' lang='lat' dir='ltr'>Terentianae,</span> <span class='ocrx_word' id='word_1_4' title='bbox 1361 194 1415 227; x_wconf 85' lang='lat'>111,</span> <span class='ocrx_word' id='word_1_5' title='bbox 1435 195 1461 220; x_wconf 75' lang='lat'>7.</span> 
     </span>
    </p>
   </div>
   <div class='ocr_carea' id='block_1_2' title="bbox 2176 0 2321 275">
    <p class='ocr_par' dir='ltr' id='par_1_2' title="bbox 2176 0 2321 275">
     <span class='ocr_line' id='line_1_2' title="bbox 2176 0 2321 275; baseline 0 3560"><span class='ocrx_word' id='word_1_6' title='bbox 2176 0 2321 275; x_wconf 95' lang='lat' dir='ltr'> </span> 
     </span>
    </p>
   </div>
   <div class='ocr_carea' id='block_1_3' title="bbox 157 318 2321 3070">
    <p class='ocr_par' dir='ltr' id='par_1_3' title="bbox 267 318 2321 1396">
     <span class='ocr_line' id='line_1_3' title="bbox 273 318 2321 384; baseline 0.003 -25"><span class='ocrx_word' id='word_1_7' title='bbox 273 332 435 359; x_wconf 89' lang='lat' dir='ltr'>summa</span> <span class='ocrx_word' id='word_1_8' title='bbox 468 318 618 374; x_wconf 89' lang='lat' dir='ltr'>prioris</span> <span class='ocrx_word' id='word_1_9' title='bbox 659 318 889 359; x_wconf 87' lang='lat' dir='ltr'>sententiae</span> <span class='ocrx_word' id='word_1_10' title='bbox 921 318 1096 360; x_wconf 78' lang='lat' dir='ltr'>iteratur</span> <span class='ocrx_word' id='word_1_11' title='bbox 1127 324 1168 361; x_wconf 88' lang='lat' dir='ltr'>et</span> <span class='ocrx_word' id='word_1_12' title='bbox 1199 326 1389 375; x_wconf 85' lang='lat' dir='ltr'>augetur.</span> <span class='ocrx_word' id='word_1_13' title='bbox 1453 320 1561 362; x_wconf 85' lang='lat' dir='ltr'>Nam</span> <span class='ocrx_word' id='word_1_14' title='bbox 1606 327 1650 362; x_wconf 90' lang='lat' dir='ltr'>ut</span> <span class='ocrx_word' id='word_1_15' title='bbox 1692 321 1788 374; x_wconf 89' lang='lat' dir='ltr'>loci,</span> <span class='ocrx_word' id='word_1_16' title='bbox 1841 322 1987 377; x_wconf 87' lang='lat' dir='ltr'>quales</span> <span class='ocrx_word' id='word_1_17' title='bbox 2025 326 2122 363; x_wconf 86' lang='lat' dir='ltr'>sunt</span> <span class='ocrx_word' id='word_1_18' title='bbox 2308 338 2321 384; x_wconf 56' lang='lat' dir='ltr'>j.</span> 
     </span>
     <span class='ocr_line' id='line_1_4' title="bbox 273 378 2321 446; baseline 0.002 -19"><span class='ocrx_word' id='word_1_19' title='bbox 273 386 380 429; x_wconf 90' lang='lat' dir='ltr'>Enn.</span> <span class='ocrx_word' id='word_1_20' title='bbox 412 392 516 442; x_wconf 85' lang='lat' dir='ltr'>trag.</span> <span class='ocrx_word' id='word_1_21' title='bbox 551 387 632 428; x_wconf 79' lang='lat'>384</span> <span class='ocrx_word' id='word_1_22' title='bbox 665 402 727 442; x_wconf 89' lang='lat' dir='ltr'>sq.</span> <span class='ocrx_word' id='word_1_23' title='bbox 760 387 874 442; x_wconf 87' lang='lat' dir='ltr'>(Va.,</span> <span class='ocrx_word' id='word_1_24' title='bbox 907 388 989 430; x_wconf 78' lang='lat'>293</span> <span class='ocrx_word' id='word_1_25' title='bbox 1021 403 1082 444; x_wconf 88' lang='lat' dir='ltr'>sq.</span> <span class='ocrx_word' id='word_1_26' title='bbox 1112 388 1213 444; x_wconf 87' lang='lat' dir='ltr'>Rb.)</span> <span class='ocrx_word' id='word_1_27' title='bbox 1262 389 1315 431; x_wconf 85' lang='lat' dir='ltr'>Tc</span> <span class='ocrx_word' id='word_1_28' title='bbox 1345 391 1479 445; x_wconf 75' lang='lat' dir='ltr'>ipsum</span> <span class='ocrx_word' id='word_1_29' title='bbox 1510 391 1582 431; x_wconf 82' lang='lat' dir='ltr'>hoc</span> <span class='ocrx_word' id='word_1_30' title='bbox 1611 397 1762 446; x_wconf 76' lang='lat' dir='ltr'><em>oportet</em></span> <span class='ocrx_word' id='word_1_31' title='bbox 1803 392 2047 446; x_wconf 73' lang='lat' dir='ltr'><em>profiteri</em></span> <span class='ocrx_word' id='word_1_32' title='bbox 2083 397 2124 431; x_wconf 83' lang='lat' dir='ltr'>ct</span> <span class='ocrx_word' id='word_1_33' title='bbox 2318 378 2321 387; x_wconf 50' lang='lat'><strong><em>⁴</em></strong></span> 
     </span>
     <span class='ocr_line' id='line_1_5' title="bbox 267 455 2122 514; baseline 0.002 -18"><span class='ocrx_word' id='word_1_34' title='bbox 267 473 300 512; x_wconf 73' lang='lat'>12</span> <span class='ocrx_word' id='word_1_35' title='bbox 313 455 504 511; x_wconf 76' lang='lat' dir='ltr'>roloqu</span> <span class='ocrx_word' id='word_1_36' title='bbox 517 457 535 497; x_wconf 74' lang='lat' dir='ltr'>i</span> <span class='ocrx_word' id='word_1_37' title='bbox 574 456 787 497; x_wconf 74' lang='lat' dir='ltr'><em>advorsum</em></span> <span class='ocrx_word' id='word_1_38' title='bbox 834 456 946 498; x_wconf 72' lang='lat' dir='ltr'>illum</span> <span class='ocrx_word' id='word_1_39' title='bbox 984 458 1097 509; x_wconf 66' lang='lat' dir='ltr'>mihi,</span> <span class='ocrx_word' id='word_1_40' title='bbox 1137 463 1209 498; x_wconf 91' lang='lat' dir='ltr'>aut</span> <span class='ocrx_word' id='word_1_41' title='bbox 1242 457 1293 498; x_wconf 90' lang='lat' dir='ltr'>L.</span> <span class='ocrx_word' id='word_1_42' title='bbox 1328 457 1454 499; x_wconf 83' lang='lat' dir='ltr'>Corn.</span> <span class='ocrx_word' id='word_1_43' title='bbox 1488 458 1692 500; x_wconf 80' lang='lat' dir='ltr'><strong>Sisennae</strong></span> <span class='ocrx_word' id='word_1_44' title='bbox 1737 458 1830 500; x_wconf 88' lang='lat' dir='ltr'>hist.</span> <span class='ocrx_word' id='word_1_45' title='bbox 1865 459 1913 500; x_wconf 88' lang='lat' dir='ltr'>fr.</span> <span class='ocrx_word' id='word_1_46' title='bbox 1946 459 2001 500; x_wconf 88' lang='grc'>64</span> <span class='ocrx_word' id='word_1_47' title='bbox 2033 457 2122 514; x_wconf 87' lang='grc' dir='ltr'>(Ρ.)</span> 
     </span>
     <span class='ocr_line' id='line_1_6' title="bbox 272 523 2118 582; baseline 0 -16"><span class='ocrx_word' id='word_1_48' title='bbox 272 524 569 580; x_wconf 61' lang='lat' dir='ltr'>conglobati</span> <span class='ocrx_word' id='word_1_49' title='bbox 598 530 643 564; x_wconf 75' lang='lat' dir='ltr'>et</span> <span class='ocrx_word' id='word_1_50' title='bbox 673 523 888 566; x_wconf 74' lang='lat' dir='ltr'><em>collecti</em></span> <span class='ocrx_word' id='word_1_51' title='bbox 916 533 1157 582; x_wconf 73' lang='lat' dir='ltr'><em>concrepant</em></span> <span class='ocrx_word' id='word_1_52' title='bbox 1196 528 1334 578; x_wconf 72' lang='lat' dir='ltr'>armis,</span> <span class='ocrx_word' id='word_1_53' title='bbox 1367 527 1521 568; x_wconf 89' lang='lat' dir='ltr'>nemini</span> <span class='ocrx_word' id='word_1_54' title='bbox 1553 526 1694 567; x_wconf 88' lang='lat' dir='ltr'>adhuc</span> <span class='ocrx_word' id='word_1_55' title='bbox 1725 526 1945 568; x_wconf 84' lang='lat' dir='ltr'>offensioni</span> <span class='ocrx_word' id='word_1_56' title='bbox 1986 532 2118 578; x_wconf 89' lang='lat' dir='ltr'>erant,</span> 
     </span>
     <span class='ocr_line' id='line_1_7' title="bbox 274 591 2127 652; baseline 0.002 -19"><span class='ocrx_word' id='word_1_57' title='bbox 274 593 335 634; x_wconf 88' lang='lat' dir='ltr'>sic</span> <span class='ocrx_word' id='word_1_58' title='bbox 369 591 593 648; x_wconf 77' lang='lat' dir='ltr'>displicere</span> <span class='ocrx_word' id='word_1_59' title='bbox 625 607 707 634; x_wconf 90' lang='lat' dir='ltr'>non</span> <span class='ocrx_word' id='word_1_60' title='bbox 741 607 865 649; x_wconf 90' lang='lat' dir='ltr'>posse</span> <span class='ocrx_word' id='word_1_61' title='bbox 906 601 1006 649; x_wconf 91' lang='lat' dir='ltr'>puto</span> <span class='ocrx_word' id='word_1_62' title='bbox 1046 594 1140 636; x_wconf 88' lang='lat' dir='ltr'>hos:</span> <span class='ocrx_word' id='word_1_63' title='bbox 1182 595 1317 636; x_wconf 83' lang='lat' dir='ltr'>Plaut.</span> <span class='ocrx_word' id='word_1_64' title='bbox 1364 595 1496 638; x_wconf 80' lang='lat' dir='ltr'>Mero.</span> <span class='ocrx_word' id='word_1_65' title='bbox 1531 596 1610 637; x_wconf 78' lang='lat'>681</span> <span class='ocrx_word' id='word_1_66' title='bbox 1663 597 1930 652; x_wconf 72' lang='lat' dir='ltr'>disperii,</span> <span class='ocrx_word' id='word_1_67' title='bbox 1966 596 2127 650; x_wconf 78' lang='lat' dir='ltr'>perii</span> 
     </span>
     <span class='ocr_line' id='line_1_8' title="bbox 274 661 2120 718; baseline 0.001 -16"><span class='ocrx_word' id='word_1_68' title='bbox 274 662 451 713; x_wconf 51' lang='lat' dir='ltr'>miserm</span> <span class='ocrx_word' id='word_1_69' title='bbox 503 675 611 717; x_wconf 86' lang='lat' dir='ltr'>quae</span> <span class='ocrx_word' id='word_1_70' title='bbox 665 661 799 703; x_wconf 89' lang='lat' dir='ltr'>verba</span> <span class='ocrx_word' id='word_1_71' title='bbox 848 677 873 702; x_wconf 89' lang='lat' dir='ltr'>a</span> <span class='ocrx_word' id='word_1_72' title='bbox 919 662 1116 704; x_wconf 89' lang='lat' dir='ltr'>Terentio</span> <span class='ocrx_word' id='word_1_73' title='bbox 1165 669 1411 718; x_wconf 89' lang='lat' dir='ltr'>repetuntur</span> <span class='ocrx_word' id='word_1_74' title='bbox 1466 664 1506 704; x_wconf 90' lang='lat' dir='ltr'>in</span> <span class='ocrx_word' id='word_1_75' title='bbox 1556 663 1685 706; x_wconf 87' lang='lat' dir='ltr'>Haut.</span> <span class='ocrx_word' id='word_1_76' title='bbox 1736 665 1823 707; x_wconf 88' lang='lat' dir='ltr'>tim.</span> <span class='ocrx_word' id='word_1_77' title='bbox 1875 664 1983 717; x_wconf 77' lang='lat'>4043</span> <span class='ocrx_word' id='word_1_78' title='bbox 2036 662 2120 704; x_wconf 91' lang='lat' dir='ltr'>hue</span> 
     </span>
     <span class='ocr_line' id='line_1_9' title="bbox 276 729 2119 788; baseline 0.001 -18"><span class='ocrx_word' id='word_1_79' title='bbox 276 729 386 771; x_wconf 88' lang='lat' dir='ltr'>adde</span> <span class='ocrx_word' id='word_1_80' title='bbox 418 729 525 772; x_wconf 88' lang='lat' dir='ltr'>Eun.</span> <span class='ocrx_word' id='word_1_81' title='bbox 559 730 641 771; x_wconf 78' lang='lat'>377</span> <span class='ocrx_word' id='word_1_82' title='bbox 683 747 756 787; x_wconf 68' lang='lat' dir='ltr'>oye</span> <span class='ocrx_word' id='word_1_83' title='bbox 795 747 931 773; x_wconf 75' lang='lat' dir='ltr'>ccunus</span> <span class='ocrx_word' id='word_1_84' title='bbox 973 733 1075 773; x_wconf 76' lang='lat' dir='ltr'>intro</span> <span class='ocrx_word' id='word_1_85' title='bbox 1106 734 1313 774; x_wconf 51' lang='lat' dir='ltr'>¹talaucium:</span> <span class='ocrx_word' id='word_1_86' title='bbox 1346 748 1447 773; x_wconf 69' lang='lat' dir='ltr'>ornet</span> <span class='ocrx_word' id='word_1_87' title='bbox 1479 747 1547 783; x_wconf 79' lang='lat' dir='ltr'>me,</span> <span class='ocrx_word' id='word_1_88' title='bbox 1590 733 1648 773; x_wconf 77' lang='lat' dir='ltr'>ab</span> <span class='ocrx_word' id='word_1_89' title='bbox 1666 733 1693 773; x_wconf 92' lang='lat' dir='ltr'>d</span> <span class='ocrx_word' id='word_1_90' title='bbox 1707 748 1762 774; x_wconf 88' lang='lat' dir='ltr'>uc</span> <span class='ocrx_word' id='word_1_91' title='bbox 1773 765 1785 783; x_wconf 90' lang='lat'><em>,</em></span> <span class='ocrx_word' id='word_1_92' title='bbox 1828 733 1855 774; x_wconf 90' lang='lat' dir='ltr'>d</span> <span class='ocrx_word' id='word_1_93' title='bbox 1870 749 1947 784; x_wconf 84' lang='lat' dir='ltr'>uc,</span> <span class='ocrx_word' id='word_1_94' title='bbox 1992 747 2119 788; x_wconf 77' lang='lat' dir='ltr'>quau-</span> 
     </span>
     <span class='ocr_line' id='line_1_10' title="bbox 278 800 2120 857; baseline 0.001 -17"><span class='ocrx_word' id='word_1_95' title='bbox 278 806 363 840; x_wconf 79' lang='lat' dir='ltr'>tum</span> <span class='ocrx_word' id='word_1_96' title='bbox 400 806 543 855; x_wconf 79' lang='lat' dir='ltr'>potest.</span> <span class='ocrx_word' id='word_1_97' title='bbox 607 800 744 841; x_wconf 84' lang='lat' dir='ltr'>Certis</span> <span class='ocrx_word' id='word_1_98' title='bbox 787 801 912 855; x_wconf 84' lang='lat' dir='ltr'>igitur</span> <span class='ocrx_word' id='word_1_99' title='bbox 969 800 1200 856; x_wconf 81' lang='lat' dir='ltr'>exemplis,</span> <span class='ocrx_word' id='word_1_100' title='bbox 1247 815 1355 855; x_wconf 84' lang='lat' dir='ltr'>quae</span> <span class='ocrx_word' id='word_1_101' title='bbox 1394 801 1482 841; x_wconf 87' lang='lat' dir='ltr'>sine</span> <span class='ocrx_word' id='word_1_102' title='bbox 1525 800 1651 841; x_wconf 89' lang='lat' dir='ltr'>dubio</span> <span class='ocrx_word' id='word_1_103' title='bbox 1694 801 1981 857; x_wconf 81' lang='lat' dir='ltr'>compluribus</span> <span class='ocrx_word' id='word_1_104' title='bbox 2030 800 2120 842; x_wconf 86' lang='lat' dir='ltr'>aliis</span> 
     </span>
     <span class='ocr_line' id='line_1_11' title="bbox 276 868 2124 925; baseline 0.002 -17"><span class='ocrx_word' id='word_1_105' title='bbox 276 869 423 924; x_wconf 86' lang='lat' dir='ltr'>augeri</span> <span class='ocrx_word' id='word_1_106' title='bbox 462 875 650 924; x_wconf 81' lang='lat' dir='ltr'>possunt,</span> <span class='ocrx_word' id='word_1_107' title='bbox 696 869 762 910; x_wconf 88' lang='lat' dir='ltr'>hie</span> <span class='ocrx_word' id='word_1_108' title='bbox 809 885 909 910; x_wconf 83' lang='lat' dir='ltr'>usus</span> <span class='ocrx_word' id='word_1_109' title='bbox 955 868 1069 924; x_wconf 90' lang='lat' dir='ltr'>apud</span> <span class='ocrx_word' id='word_1_110' title='bbox 1123 870 1284 924; x_wconf 87' lang='lat' dir='ltr'>priscos</span> <span class='ocrx_word' id='word_1_111' title='bbox 1326 869 1564 910; x_wconf 83' lang='lat' dir='ltr'>fabularum</span> <span class='ocrx_word' id='word_1_112' title='bbox 1628 871 1856 925; x_wconf 75' lang='lat' dir='ltr'>scriptores</span> <span class='ocrx_word' id='word_1_113' title='bbox 1899 871 2124 912; x_wconf 86' lang='lat' dir='ltr'>confirma-</span> 
     </span>
     <span class='ocr_line' id='line_1_12' title="bbox 275 936 2124 995; baseline 0.002 -18"><span class='ocrx_word' id='word_1_114' title='bbox 275 942 355 978; x_wconf 90' lang='lat' dir='ltr'>tur.</span> <span class='ocrx_word' id='word_1_115' title='bbox 414 936 540 978; x_wconf 87' lang='lat' dir='ltr'>Tales</span> <span class='ocrx_word' id='word_1_116' title='bbox 582 944 724 979; x_wconf 85' lang='lat' dir='ltr'>autem</span> <span class='ocrx_word' id='word_1_117' title='bbox 766 937 1057 994; x_wconf 80' lang='lat' dir='ltr'>copulationes</span> <span class='ocrx_word' id='word_1_118' title='bbox 1095 945 1193 993; x_wconf 85' lang='lat' dir='ltr'>apte</span> <span class='ocrx_word' id='word_1_119' title='bbox 1236 952 1289 978; x_wconf 82' lang='lat' dir='ltr'>ex</span> <span class='ocrx_word' id='word_1_120' title='bbox 1332 954 1508 994; x_wconf 81' lang='lat' dir='ltr'>magna</span> <span class='ocrx_word' id='word_1_121' title='bbox 1540 941 1641 990; x_wconf 89' lang='lat' dir='ltr'>eius,</span> <span class='ocrx_word' id='word_1_122' title='bbox 1690 940 1761 994; x_wconf 86' lang='lat' dir='ltr'>qui</span> <span class='ocrx_word' id='word_1_123' title='bbox 1794 938 1971 995; x_wconf 90' lang='lat' dir='ltr'>loquens</span> <span class='ocrx_word' id='word_1_124' title='bbox 2004 939 2124 981; x_wconf 89' lang='lat' dir='ltr'>indu-</span> 
     </span>
     <span class='ocr_line' id='line_1_13' title="bbox 277 1006 2126 1062; baseline 0.002 -16"><span class='ocrx_word' id='word_1_125' title='bbox 277 1006 397 1058; x_wconf 80' lang='lat' dir='ltr'>citur,</span> <span class='ocrx_word' id='word_1_126' title='bbox 435 1007 585 1047; x_wconf 88' lang='lat' dir='ltr'>animi</span> <span class='ocrx_word' id='word_1_127' title='bbox 623 1008 958 1048; x_wconf 77' lang='lat' dir='ltr'>commotione</span> <span class='ocrx_word' id='word_1_128' title='bbox 990 1006 1328 1061; x_wconf 88' lang='lat' dir='ltr'>proficiscuntur.</span> <span class='ocrx_word' id='word_1_129' title='bbox 1373 1007 1517 1058; x_wconf 77' lang='lat' dir='ltr'>Quare</span> <span class='ocrx_word' id='word_1_130' title='bbox 1561 1009 1601 1049; x_wconf 87' lang='lat' dir='ltr'>in</span> <span class='ocrx_word' id='word_1_131' title='bbox 1647 1009 1769 1048; x_wconf 89' lang='lat' dir='ltr'>huius</span> <span class='ocrx_word' id='word_1_132' title='bbox 1811 1008 1979 1062; x_wconf 82' lang='lat' dir='ltr'>generis</span> <span class='ocrx_word' id='word_1_133' title='bbox 2022 1007 2126 1049; x_wconf 88' lang='lat' dir='ltr'>locis</span> 
     </span>
     <span class='ocr_line' id='line_1_14' title="bbox 276 1075 2124 1134; baseline 0.002 -19"><span class='ocrx_word' id='word_1_134' title='bbox 276 1075 514 1116; x_wconf 84' lang='lat' dir='ltr'>tractandis</span> <span class='ocrx_word' id='word_1_135' title='bbox 561 1076 796 1117; x_wconf 83' lang='lat' dir='ltr'>cautionem</span> <span class='ocrx_word' id='word_1_136' title='bbox 842 1075 1042 1116; x_wconf 85' lang='lat' dir='ltr'>adhibere</span> <span class='ocrx_word' id='word_1_137' title='bbox 1084 1075 1300 1129; x_wconf 80' lang='lat' dir='ltr'>debemus,</span> <span class='ocrx_word' id='word_1_138' title='bbox 1344 1091 1396 1118; x_wconf 92' lang='lat' dir='ltr'>ne</span> <span class='ocrx_word' id='word_1_139' title='bbox 1433 1077 1591 1134; x_wconf 86' lang='lat' dir='ltr'>ubique</span> <span class='ocrx_word' id='word_1_140' title='bbox 1633 1077 1810 1118; x_wconf 80' lang='lat' dir='ltr'>alterum</span> <span class='ocrx_word' id='word_1_141' title='bbox 1854 1076 2032 1118; x_wconf 88' lang='lat' dir='ltr'>verbum</span> <span class='ocrx_word' id='word_1_142' title='bbox 2071 1093 2124 1118; x_wconf 84' lang='lat' dir='ltr'>ex</span> 
     </span>
     <span class='ocr_line' id='line_1_15' title="bbox 277 1144 2129 1204; baseline 0.001 -19"><span class='ocrx_word' id='word_1_143' title='bbox 277 1144 636 1199; x_wconf 82' lang='lat' dir='ltr'>interpretatione</span> <span class='ocrx_word' id='word_1_144' title='bbox 668 1146 930 1200; x_wconf 78' lang='lat' dir='ltr'>grammatici</span> <span class='ocrx_word' id='word_1_145' title='bbox 962 1146 1206 1201; x_wconf 86' lang='lat' dir='ltr'>posterioris</span> <span class='ocrx_word' id='word_1_146' title='bbox 1239 1153 1375 1187; x_wconf 87' lang='lat' dir='ltr'>ortum</span> <span class='ocrx_word' id='word_1_147' title='bbox 1409 1162 1499 1188; x_wconf 86' lang='lat' dir='ltr'>esse</span> <span class='ocrx_word' id='word_1_148' title='bbox 1532 1148 1764 1204; x_wconf 86' lang='lat' dir='ltr'>opinemur.</span> <span class='ocrx_word' id='word_1_149' title='bbox 1814 1147 1910 1187; x_wconf 89' lang='lat' dir='ltr'>Hoc</span> <span class='ocrx_word' id='word_1_150' title='bbox 1942 1145 1995 1186; x_wconf 89' lang='lat' dir='ltr'>de</span> <span class='ocrx_word' id='word_1_151' title='bbox 2030 1145 2129 1187; x_wconf 88' lang='lat' dir='ltr'>solis</span> 
     </span>
     <span class='ocr_line' id='line_1_16' title="bbox 278 1213 2128 1272; baseline 0.001 -18"><span class='ocrx_word' id='word_1_152' title='bbox 278 1214 326 1254; x_wconf 90' lang='lat' dir='ltr'>iis</span> <span class='ocrx_word' id='word_1_153' title='bbox 361 1213 463 1255; x_wconf 89' lang='lat' dir='ltr'>locis</span> <span class='ocrx_word' id='word_1_154' title='bbox 494 1220 621 1267; x_wconf 79' lang='lat' dir='ltr'>recte,</span> <span class='ocrx_word' id='word_1_155' title='bbox 655 1221 770 1270; x_wconf 76' lang='lat' dir='ltr'>puto,</span> <span class='ocrx_word' id='word_1_156' title='bbox 803 1220 1046 1265; x_wconf 76' lang='lat' dir='ltr'>statuemus,</span> <span class='ocrx_word' id='word_1_157' title='bbox 1091 1214 1243 1270; x_wconf 89' lang='lat' dir='ltr'>quibus</span> <span class='ocrx_word' id='word_1_158' title='bbox 1285 1215 1476 1257; x_wconf 84' lang='lat' dir='ltr'>additum</span> <span class='ocrx_word' id='word_1_159' title='bbox 1517 1217 1693 1258; x_wconf 81' lang='lat' dir='ltr'>verbum</span> <span class='ocrx_word' id='word_1_160' title='bbox 1736 1215 1918 1272; x_wconf 77' lang='lat' dir='ltr'>simplex</span> <span class='ocrx_word' id='word_1_161' title='bbox 1950 1230 2004 1256; x_wconf 79' lang='lat' dir='ltr'>ex</span> <span class='ocrx_word' id='word_1_162' title='bbox 2037 1229 2128 1256; x_wconf 88' lang='lat' dir='ltr'>ora-</span> 
     </span>
     <span class='ocr_line' id='line_1_17' title="bbox 281 1283 2128 1340; baseline 0.001 -17"><span class='ocrx_word' id='word_1_163' title='bbox 281 1283 404 1324; x_wconf 86' lang='lat' dir='ltr'>tionis</span> <span class='ocrx_word' id='word_1_164' title='bbox 438 1285 673 1325; x_wconf 82' lang='lat' dir='ltr'>concitatae</span> <span class='ocrx_word' id='word_1_165' title='bbox 704 1285 862 1340; x_wconf 88' lang='lat' dir='ltr'>impetu</span> <span class='ocrx_word' id='word_1_166' title='bbox 896 1283 1098 1339; x_wconf 84' lang='lat' dir='ltr'>explicari</span> <span class='ocrx_word' id='word_1_167' title='bbox 1131 1286 1289 1340; x_wconf 85' lang='lat' dir='ltr'>nequit.</span> <span class='ocrx_word' id='word_1_168' title='bbox 1324 1285 1409 1327; x_wconf 83' lang='lat' dir='ltr'>Sed</span> <span class='ocrx_word' id='word_1_169' title='bbox 1442 1287 1599 1340; x_wconf 78' lang='lat' dir='ltr'>nescio,</span> <span class='ocrx_word' id='word_1_170' title='bbox 1632 1301 1732 1326; x_wconf 86' lang='lat' dir='ltr'>num</span> <span class='ocrx_word' id='word_1_171' title='bbox 1763 1291 1879 1327; x_wconf 85' lang='lat' dir='ltr'>recte</span> <span class='ocrx_word' id='word_1_172' title='bbox 1911 1285 1990 1327; x_wconf 90' lang='lat' dir='ltr'>viri</span> <span class='ocrx_word' id='word_1_173' title='bbox 2013 1284 2128 1326; x_wconf 90' lang='lat' dir='ltr'>docti</span> 
     </span>
     <span class='ocr_line' id='line_1_18' title="bbox 278 1352 953 1396; baseline -0.003 -2"><span class='ocrx_word' id='word_1_174' title='bbox 278 1369 318 1396; x_wconf 93' lang='lat' dir='ltr'>v.</span> <span class='ocrx_word' id='word_1_175' title='bbox 351 1354 433 1395; x_wconf 79' lang='grc'>802</span> <span class='ocrx_word' id='word_1_176' title='bbox 465 1354 504 1394; x_wconf 85' lang='lat' dir='ltr'>in</span> <span class='ocrx_word' id='word_1_177' title='bbox 537 1352 677 1393; x_wconf 84' lang='lat' dir='ltr'>Plauti</span> <span class='ocrx_word' id='word_1_178' title='bbox 709 1352 953 1393; x_wconf 85' lang='lat' dir='ltr'>Trinummo</span> 
     </span>
    </p>

    <p class='ocr_par' dir='ltr' id='par_1_4' title="bbox 157 1418 1798 1489">
     <span class='ocr_line' id='line_1_19' title="bbox 157 1418 1798 1489; baseline 0.002 -27"><span class='ocrx_word' id='word_1_179' title='bbox 157 1418 251 1489; x_wconf 39' lang='lat' dir='ltr'>Px&amp;</span> <span class='ocrx_word' id='word_1_180' title='bbox 515 1421 624 1470; x_wconf 74' lang='lat' dir='ltr'>Quid</span> <span class='ocrx_word' id='word_1_181' title='bbox 656 1438 758 1463; x_wconf 79' lang='lat' dir='ltr'>nuuc</span> <span class='ocrx_word' id='word_1_182' title='bbox 789 1424 906 1463; x_wconf 65' lang='lat' dir='ltr'>stus?</span> <span class='ocrx_word' id='word_1_183' title='bbox 937 1424 1035 1478; x_wconf 77' lang='lat' dir='ltr'>quin</span> <span class='ocrx_word' id='word_1_184' title='bbox 1066 1430 1107 1464; x_wconf 84' lang='lat' dir='ltr'>tu</span> <span class='ocrx_word' id='word_1_185' title='bbox 1137 1424 1227 1464; x_wconf 77' lang='lat' dir='ltr'>hinc</span> <span class='ocrx_word' id='word_1_186' title='bbox 1258 1431 1292 1464; x_wconf 72' lang='lat' dir='ltr'>te</span> <span class='ocrx_word' id='word_1_187' title='bbox 1325 1440 1480 1466; x_wconf 72' lang='lat' dir='ltr'>umores</span> <span class='ocrx_word' id='word_1_188' title='bbox 1510 1432 1544 1466; x_wconf 80' lang='lat' dir='ltr'>et</span> <span class='ocrx_word' id='word_1_189' title='bbox 1575 1432 1610 1466; x_wconf 83' lang='lat' dir='ltr'>tc</span> <span class='ocrx_word' id='word_1_190' title='bbox 1640 1426 1798 1466; x_wconf 64' lang='lat' dir='ltr'>movcsss2</span> 
     </span>
    </p>

    <p class='ocr_par' dir='ltr' id='par_1_5' title="bbox 180 1490 2132 3070">
     <span class='ocr_line' id='line_1_20' title="bbox 180 1490 2124 1549; baseline -0.001 -13"><span class='ocrx_word' id='word_1_191' title='bbox 180 1511 239 1536; x_wconf 81' lang='lat'>802.</span> <span class='ocrx_word' id='word_1_192' title='bbox 279 1497 524 1547; x_wconf 84' lang='lat' dir='ltr'>corruptum</span> <span class='ocrx_word' id='word_1_193' title='bbox 556 1490 848 1532; x_wconf 87' lang='lat' dir='ltr'>iudicaverint.</span> <span class='ocrx_word' id='word_1_194' title='bbox 882 1493 1018 1544; x_wconf 77' lang='lat' dir='ltr'>Quem</span> <span class='ocrx_word' id='word_1_195' title='bbox 1051 1507 1221 1533; x_wconf 85' lang='lat' dir='ltr'>versum</span> <span class='ocrx_word' id='word_1_196' title='bbox 1257 1508 1512 1549; x_wconf 86' lang='lat' dir='ltr'>quamquam</span> <span class='ocrx_word' id='word_1_197' title='bbox 1548 1494 1719 1534; x_wconf 83' lang='lat' dir='ltr'>Brixius</span> <span class='ocrx_word' id='word_1_198' title='bbox 1753 1494 2045 1534; x_wconf 80' lang='lat' dir='ltr'>Hermannum</span> <span class='ocrx_word' id='word_1_199' title='bbox 2082 1499 2124 1534; x_wconf 89' lang='lat' dir='ltr'>et</span> 
     </span>
     <span class='ocr_line' id='line_1_21' title="bbox 276 1560 2127 1618; baseline 0.001 -16"><span class='ocrx_word' id='word_1_200' title='bbox 276 1560 550 1602; x_wconf 85' lang='lat' dir='ltr'>Ritschelium</span> <span class='ocrx_word' id='word_1_201' title='bbox 594 1566 764 1601; x_wconf 88' lang='lat' dir='ltr'>secutus</span> <span class='ocrx_word' id='word_1_202' title='bbox 806 1561 863 1601; x_wconf 90' lang='lat' dir='ltr'>ita</span> <span class='ocrx_word' id='word_1_203' title='bbox 911 1561 1179 1602; x_wconf 87' lang='lat' dir='ltr'>constitutum</span> <span class='ocrx_word' id='word_1_204' title='bbox 1231 1563 1393 1618; x_wconf 84' lang='lat' dir='ltr'>recipit,</span> <span class='ocrx_word' id='word_1_205' title='bbox 1438 1569 1579 1604; x_wconf 84' lang='lat' dir='ltr'>tamen</span> <span class='ocrx_word' id='word_1_206' title='bbox 1626 1571 1666 1604; x_wconf 79' lang='lat' dir='ltr'>et</span> <span class='ocrx_word' id='word_1_207' title='bbox 1709 1579 1855 1604; x_wconf 78' lang='lat' dir='ltr'>sanum</span> <span class='ocrx_word' id='word_1_208' title='bbox 1903 1569 1943 1603; x_wconf 91' lang='lat' dir='ltr'>et</span> <span class='ocrx_word' id='word_1_209' title='bbox 1984 1562 2040 1604; x_wconf 86' lang='lat' dir='ltr'>ad</span> <span class='ocrx_word' id='word_1_210' title='bbox 2085 1562 2127 1603; x_wconf 91' lang='lat' dir='ltr'>id</span> 
     </span>
     <span class='ocr_line' id='line_1_22' title="bbox 276 1629 2125 1687; baseline 0.001 -17"><span class='ocrx_word' id='word_1_211' title='bbox 276 1637 446 1686; x_wconf 87' lang='lat' dir='ltr'>tempus</span> <span class='ocrx_word' id='word_1_212' title='bbox 477 1629 737 1685; x_wconf 86' lang='lat' dir='ltr'>probabilius</span> <span class='ocrx_word' id='word_1_213' title='bbox 780 1632 1049 1671; x_wconf 85' lang='lat' dir='ltr'>emendatum</span> <span class='ocrx_word' id='word_1_214' title='bbox 1094 1647 1187 1672; x_wconf 82' lang='lat' dir='ltr'>esse</span> <span class='ocrx_word' id='word_1_215' title='bbox 1219 1639 1358 1687; x_wconf 79' lang='lat' dir='ltr'>negat.</span> <span class='ocrx_word' id='word_1_216' title='bbox 1407 1633 1500 1673; x_wconf 87' lang='lat' dir='ltr'>Hac</span> <span class='ocrx_word' id='word_1_217' title='bbox 1545 1632 1713 1687; x_wconf 84' lang='lat' dir='ltr'>quidem</span> <span class='ocrx_word' id='word_1_218' title='bbox 1748 1633 1786 1673; x_wconf 88' lang='lat' dir='ltr'>in</span> <span class='ocrx_word' id='word_1_219' title='bbox 1818 1648 1863 1674; x_wconf 91' lang='lat' dir='ltr'>re</span> <span class='ocrx_word' id='word_1_220' title='bbox 1894 1632 1951 1673; x_wconf 89' lang='lat' dir='ltr'>illi</span> <span class='ocrx_word' id='word_1_221' title='bbox 1983 1647 2125 1672; x_wconf 82' lang='lat' dir='ltr'>assen—</span> 
     </span>
     <span class='ocr_line' id='line_1_23' title="bbox 276 1699 2127 1757; baseline 0.001 -17"><span class='ocrx_word' id='word_1_222' title='bbox 276 1700 357 1740; x_wconf 87' lang='lat' dir='ltr'>tior</span> <span class='ocrx_word' id='word_1_223' title='bbox 400 1714 538 1754; x_wconf 88' lang='lat' dir='ltr'>neque</span> <span class='ocrx_word' id='word_1_224' title='bbox 576 1699 823 1754; x_wconf 70' lang='lat' dir='ltr'>Seyfferti-³¹</span> <span class='ocrx_word' id='word_1_225' title='bbox 870 1701 1110 1741; x_wconf 86' lang='lat' dir='ltr'>coniectura</span> <span class='ocrx_word' id='word_1_226' title='bbox 1151 1702 1246 1756; x_wconf 70' lang='lat' dir='ltr'>quin</span> <span class='ocrx_word' id='word_1_227' title='bbox 1291 1709 1334 1742; x_wconf 82' lang='lat' dir='ltr'>tu</span> <span class='ocrx_word' id='word_1_228' title='bbox 1379 1704 1469 1743; x_wconf 76' lang='lat' dir='ltr'>lu&#39;nc</span> <span class='ocrx_word' id='word_1_229' title='bbox 1511 1719 1667 1744; x_wconf 69' lang='lat' dir='ltr'>(emtores</span> <span class='ocrx_word' id='word_1_230' title='bbox 1710 1703 1773 1743; x_wconf 80' lang='lat' dir='ltr'>tcd</span> <span class='ocrx_word' id='word_1_231' title='bbox 1817 1705 1941 1755; x_wconf 66' lang='lat' dir='ltr'>ocius,</span> <span class='ocrx_word' id='word_1_232' title='bbox 1989 1716 2127 1757; x_wconf 87' lang='lat' dir='ltr'>neque</span> 
     </span>
     <span class='ocr_line' id='line_1_24' title="bbox 278 1768 2126 1825; baseline 0 -15"><span class='ocrx_word' id='word_1_233' title='bbox 278 1768 488 1810; x_wconf 68' lang='lat' dir='ltr'>Loewii⁵²</span> <span class='ocrx_word' id='word_1_234' title='bbox 523 1769 718 1824; x_wconf 77' lang='lat' dir='ltr'>graviore</span> <span class='ocrx_word' id='word_1_235' title='bbox 741 1770 971 1810; x_wconf 84' lang='lat' dir='ltr'>mutatione</span> <span class='ocrx_word' id='word_1_236' title='bbox 993 1772 1089 1825; x_wconf 71' lang='lat' dir='ltr'>quin</span> <span class='ocrx_word' id='word_1_237' title='bbox 1114 1777 1154 1810; x_wconf 88' lang='lat' dir='ltr'>tu</span> <span class='ocrx_word' id='word_1_238' title='bbox 1189 1772 1279 1812; x_wconf 74' lang='lat' dir='ltr'>hinc</span> <span class='ocrx_word' id='word_1_239' title='bbox 1311 1773 1365 1812; x_wconf 78' lang='lat' dir='ltr'>ud</span> <span class='ocrx_word' id='word_1_240' title='bbox 1396 1773 1658 1813; x_wconf 73' lang='lat' dir='ltr'>thensaurum</span> <span class='ocrx_word' id='word_1_241' title='bbox 1691 1779 1724 1813; x_wconf 80' lang='lat' dir='ltr'>te</span> <span class='ocrx_word' id='word_1_242' title='bbox 1747 1774 1903 1813; x_wconf 58' lang='lat' dir='ltr'>mot-02322</span> <span class='ocrx_word' id='word_1_243' title='bbox 1935 1786 2015 1811; x_wconf 85' lang='lat' dir='ltr'>acu</span> <span class='ocrx_word' id='word_1_244' title='bbox 2037 1785 2126 1811; x_wconf 89' lang='lat' dir='ltr'>rem</span> 
     </span>
     <span class='ocr_line' id='line_1_25' title="bbox 277 1838 2120 1896; baseline 0.001 -17"><span class='ocrx_word' id='word_1_245' title='bbox 277 1843 433 1879; x_wconf 86' lang='lat' dir='ltr'>tactam</span> <span class='ocrx_word' id='word_1_246' title='bbox 467 1853 571 1879; x_wconf 88' lang='lat' dir='ltr'>esse.</span> <span class='ocrx_word' id='word_1_247' title='bbox 606 1838 803 1893; x_wconf 81' lang='lat' dir='ltr'>Namque</span> <span class='ocrx_word' id='word_1_248' title='bbox 836 1839 1018 1896; x_wconf 86' lang='lat' dir='ltr'>primum</span> <span class='ocrx_word' id='word_1_249' title='bbox 1052 1839 1165 1894; x_wconf 87' lang='lat' dir='ltr'>quod</span> <span class='ocrx_word' id='word_1_250' title='bbox 1188 1840 1372 1893; x_wconf 79' lang='lat' dir='ltr'>Loewio,</span> <span class='ocrx_word' id='word_1_251' title='bbox 1396 1841 1484 1881; x_wconf 86' lang='lat' dir='ltr'>viro</span> <span class='ocrx_word' id='word_1_252' title='bbox 1510 1841 1763 1892; x_wconf 87' lang='lat' dir='ltr'>doctissimo,</span> <span class='ocrx_word' id='word_1_253' title='bbox 1789 1840 1984 1896; x_wconf 86' lang='lat' dir='ltr'>displicet</span> <span class='ocrx_word' id='word_1_254' title='bbox 2006 1855 2120 1880; x_wconf 84' lang='lat' dir='ltr'>amo-</span> 
     </span>
     <span class='ocr_line' id='line_1_26' title="bbox 277 1906 2118 1965; baseline 0.001 -18"><span class='ocrx_word' id='word_1_255' title='bbox 277 1906 401 1948; x_wconf 90' lang='lat' dir='ltr'>vendi</span> <span class='ocrx_word' id='word_1_256' title='bbox 452 1907 629 1948; x_wconf 79' lang='lat' dir='ltr'>verbum</span> <span class='ocrx_word' id='word_1_257' title='bbox 681 1908 803 1948; x_wconf 86' lang='lat' dir='ltr'>tertio</span> <span class='ocrx_word' id='word_1_258' title='bbox 855 1914 950 1949; x_wconf 87' lang='lat' dir='ltr'>ante</span> <span class='ocrx_word' id='word_1_259' title='bbox 1001 1923 1129 1949; x_wconf 89' lang='lat' dir='ltr'>versu</span> <span class='ocrx_word' id='word_1_260' title='bbox 1178 1925 1327 1961; x_wconf 72' lang='lat' dir='ltr'>servos,</span> <span class='ocrx_word' id='word_1_261' title='bbox 1393 1910 1564 1952; x_wconf 65' lang='lat' dir='ltr'>(lucillus</span> <span class='ocrx_word' id='word_1_262' title='bbox 1616 1926 1753 1952; x_wconf 65' lang='lat' dir='ltr'>(ancora</span> <span class='ocrx_word' id='word_1_263' title='bbox 1810 1911 1994 1965; x_wconf 86' lang='lat' dir='ltr'>positum</span> <span class='ocrx_word' id='word_1_264' title='bbox 2051 1909 2118 1949; x_wconf 89' lang='lat' dir='ltr'>hie</span> 
     </span>
     <span class='ocr_line' id='line_1_27' title="bbox 278 1976 2129 2034; baseline 0.001 -17"><span class='ocrx_word' id='word_1_265' title='bbox 278 1978 426 2032; x_wconf 78' lang='lat' dir='ltr'>repeti,</span> <span class='ocrx_word' id='word_1_266' title='bbox 458 1976 559 2017; x_wconf 91' lang='lat' dir='ltr'>mihi</span> <span class='ocrx_word' id='word_1_267' title='bbox 590 1976 787 2032; x_wconf 83' lang='lat' dir='ltr'>colloquii</span> <span class='ocrx_word' id='word_1_268' title='bbox 818 1977 950 2017; x_wconf 81' lang='lat' dir='ltr'>fusius</span> <span class='ocrx_word' id='word_1_269' title='bbox 993 1977 1157 2018; x_wconf 89' lang='lat' dir='ltr'>dicendi</span> <span class='ocrx_word' id='word_1_270' title='bbox 1201 1994 1334 2033; x_wconf 79' lang='lat' dir='ltr'>genus</span> <span class='ocrx_word' id='word_1_271' title='bbox 1379 1980 1620 2034; x_wconf 82' lang='lat' dir='ltr'>respicienti</span> <span class='ocrx_word' id='word_1_272' title='bbox 1663 1979 1890 2021; x_wconf 87' lang='lat' dir='ltr'>molestum</span> <span class='ocrx_word' id='word_1_273' title='bbox 1941 1994 2023 2020; x_wconf 90' lang='lat' dir='ltr'>non</span> <span class='ocrx_word' id='word_1_274' title='bbox 2055 1985 2129 2031; x_wconf 82' lang='lat' dir='ltr'>est,</span> 
     </span>
     <span class='ocr_line' id='line_1_28' title="bbox 279 2045 2131 2102; baseline 0.002 -15"><span class='ocrx_word' id='word_1_275' title='bbox 279 2046 529 2102; x_wconf 87' lang='lat' dir='ltr'>praesertim</span> <span class='ocrx_word' id='word_1_276' title='bbox 563 2061 658 2087; x_wconf 87' lang='lat' dir='ltr'>cum</span> <span class='ocrx_word' id='word_1_277' title='bbox 692 2045 758 2087; x_wconf 89' lang='lat' dir='ltr'>vel</span> <span class='ocrx_word' id='word_1_278' title='bbox 791 2061 853 2098; x_wconf 81' lang='lat' dir='ltr'>ea,</span> <span class='ocrx_word' id='word_1_279' title='bbox 887 2061 997 2102; x_wconf 88' lang='lat' dir='ltr'>quae</span> <span class='ocrx_word' id='word_1_280' title='bbox 1029 2047 1120 2102; x_wconf 88' lang='lat' dir='ltr'>ipse</span> <span class='ocrx_word' id='word_1_281' title='bbox 1151 2048 1336 2090; x_wconf 89' lang='lat' dir='ltr'>inserere</span> <span class='ocrx_word' id='word_1_282' title='bbox 1369 2048 1459 2089; x_wconf 86' lang='lat' dir='ltr'>vult</span> <span class='ocrx_word' id='word_1_283' title='bbox 1492 2050 1546 2090; x_wconf 80' lang='lat' dir='ltr'>ud</span> <span class='ocrx_word' id='word_1_284' title='bbox 1577 2051 1855 2100; x_wconf 77' lang='lat' dir='ltr'>tlzeusuurum,</span> <span class='ocrx_word' id='word_1_285' title='bbox 1889 2064 1971 2089; x_wconf 92' lang='lat' dir='ltr'>uno</span> <span class='ocrx_word' id='word_1_286' title='bbox 2003 2063 2131 2090; x_wconf 87' lang='lat' dir='ltr'>versu</span> 
     </span>
     <span class='ocr_line' id='line_1_29' title="bbox 277 2115 2125 2174; baseline 0.002 -18"><span class='ocrx_word' id='word_1_287' title='bbox 277 2122 373 2156; x_wconf 90' lang='lat' dir='ltr'>ante</span> <span class='ocrx_word' id='word_1_288' title='bbox 413 2115 531 2156; x_wconf 87' lang='lat' dir='ltr'>illum</span> <span class='ocrx_word' id='word_1_289' title='bbox 575 2117 659 2158; x_wconf 71' lang='lat' dir='ltr'>Abi</span> <span class='ocrx_word' id='word_1_290' title='bbox 702 2117 758 2158; x_wconf 84' lang='lat' dir='ltr'>ud</span> <span class='ocrx_word' id='word_1_291' title='bbox 799 2119 1065 2158; x_wconf 72' lang='lat' dir='ltr'>thensaurum</span> <span class='ocrx_word' id='word_1_292' title='bbox 1109 2118 1191 2158; x_wconf 77' lang='lat' dir='ltr'>ium</span> <span class='ocrx_word' id='word_1_293' title='bbox 1230 2119 1438 2173; x_wconf 69' lang='lat' dir='ltr'>confestim</span> <span class='ocrx_word' id='word_1_294' title='bbox 1482 2119 1711 2160; x_wconf 71' lang='lat' dir='ltr'>clanculum</span> <span class='ocrx_word' id='word_1_295' title='bbox 1755 2118 1914 2174; x_wconf 88' lang='lat' dir='ltr'>scripta</span> <span class='ocrx_word' id='word_1_296' title='bbox 1944 2117 2125 2160; x_wconf 86' lang='lat' dir='ltr'>videam.</span> 
     </span>
     <span class='ocr_line' id='line_1_30' title="bbox 276 2185 2124 2242; baseline 0.001 -17"><span class='ocrx_word' id='word_1_297' title='bbox 276 2185 401 2237; x_wconf 79' lang='lat' dir='ltr'>Tum,</span> <span class='ocrx_word' id='word_1_298' title='bbox 433 2185 628 2241; x_wconf 88' lang='lat' dir='ltr'>quoniam</span> <span class='ocrx_word' id='word_1_299' title='bbox 662 2186 713 2226; x_wconf 89' lang='lat' dir='ltr'>de</span> <span class='ocrx_word' id='word_1_300' title='bbox 745 2185 943 2227; x_wconf 86' lang='lat' dir='ltr'>thesauro</span> <span class='ocrx_word' id='word_1_301' title='bbox 977 2186 1117 2227; x_wconf 87' lang='lat' dir='ltr'>statim</span> <span class='ocrx_word' id='word_1_302' title='bbox 1150 2186 1389 2228; x_wconf 86' lang='lat' dir='ltr'>effodiendo</span> <span class='ocrx_word' id='word_1_303' title='bbox 1423 2202 1446 2227; x_wconf 86' lang='lat' dir='ltr'>a</span> <span class='ocrx_word' id='word_1_304' title='bbox 1478 2203 1605 2229; x_wconf 84' lang='lat' dir='ltr'>versu</span> <span class='ocrx_word' id='word_1_305' title='bbox 1649 2188 1742 2229; x_wconf 79' lang='lat'>783.</span> <span class='ocrx_word' id='word_1_306' title='bbox 1789 2188 1937 2242; x_wconf 76' lang='lat' dir='ltr'>agitur,</span> <span class='ocrx_word' id='word_1_307' title='bbox 1969 2187 2124 2228; x_wconf 87' lang='lat' dir='ltr'>nemini</span> 
     </span>
     <span class='ocr_line' id='line_1_31' title="bbox 278 2253 2129 2312; baseline 0.001 -18"><span class='ocrx_word' id='word_1_308' title='bbox 278 2253 539 2295; x_wconf 87' lang='lat' dir='ltr'>audientium</span> <span class='ocrx_word' id='word_1_309' title='bbox 593 2254 877 2310; x_wconf 84' lang='lat' dir='ltr'>legentiumve</span> <span class='ocrx_word' id='word_1_310' title='bbox 934 2254 1107 2296; x_wconf 88' lang='lat' dir='ltr'>dubium</span> <span class='ocrx_word' id='word_1_311' title='bbox 1152 2255 1280 2296; x_wconf 87' lang='lat' dir='ltr'>fuisse</span> <span class='ocrx_word' id='word_1_312' title='bbox 1322 2256 1390 2297; x_wconf 83' lang='lat' dir='ltr'>vel</span> <span class='ocrx_word' id='word_1_313' title='bbox 1435 2272 1526 2297; x_wconf 90' lang='lat' dir='ltr'>esse</span> <span class='ocrx_word' id='word_1_314' title='bbox 1577 2263 1691 2312; x_wconf 83' lang='lat' dir='ltr'>puto,</span> <span class='ocrx_word' id='word_1_315' title='bbox 1737 2257 1836 2311; x_wconf 87' lang='lat' dir='ltr'>quin</span> <span class='ocrx_word' id='word_1_316' title='bbox 1881 2271 1990 2312; x_wconf 89' lang='lat' dir='ltr'>quae</span> <span class='ocrx_word' id='word_1_317' title='bbox 2034 2261 2129 2311; x_wconf 90' lang='lat' dir='ltr'>post</span> 
     </span>
     <span class='ocr_line' id='line_1_32' title="bbox 277 2325 2132 2382; baseline 0.001 -18"><span class='ocrx_word' id='word_1_318' title='bbox 277 2325 376 2379; x_wconf 72' lang='lat' dir='ltr'>quin</span> <span class='ocrx_word' id='word_1_319' title='bbox 406 2331 451 2364; x_wconf 83' lang='lat' dir='ltr'>tu</span> <span class='ocrx_word' id='word_1_320' title='bbox 481 2325 572 2365; x_wconf 80' lang='lat' dir='ltr'>lu&#39;uc</span> <span class='ocrx_word' id='word_1_321' title='bbox 602 2331 636 2364; x_wconf 82' lang='lat' dir='ltr'>tc</span> <span class='ocrx_word' id='word_1_322' title='bbox 666 2340 822 2366; x_wconf 71' lang='lat' dir='ltr'>amoves</span> <span class='ocrx_word' id='word_1_323' title='bbox 853 2325 1010 2380; x_wconf 87' lang='lat' dir='ltr'>scripta</span> <span class='ocrx_word' id='word_1_324' title='bbox 1045 2331 1143 2366; x_wconf 88' lang='lat' dir='ltr'>sunt</span> <span class='ocrx_word' id='word_1_325' title='bbox 1172 2325 1305 2366; x_wconf 83' lang='lat' dir='ltr'>verba</span> <span class='ocrx_word' id='word_1_326' title='bbox 1327 2328 1458 2382; x_wconf 68' lang='lat' dir='ltr'>uperi,</span> <span class='ocrx_word' id='word_1_327' title='bbox 1491 2327 1678 2382; x_wconf 75' lang='lat' dir='ltr'>deprome</span> <span class='ocrx_word' id='word_1_328' title='bbox 1701 2326 1792 2367; x_wconf 71' lang='lat' dir='ltr'>inde</span> <span class='ocrx_word' id='word_1_329' title='bbox 1821 2327 1920 2366; x_wconf 75' lang='lat' dir='ltr'>auri</span> <span class='ocrx_word' id='word_1_330' title='bbox 1936 2358 1943 2365; x_wconf 95' lang='lat'>.</span> <span class='ocrx_word' id='word_1_331' title='bbox 1966 2360 1973 2366; x_wconf 95' lang='lat'>.</span> <span class='ocrx_word' id='word_1_332' title='bbox 1995 2361 2002 2368; x_wconf 93' lang='lat'>.</span> <span class='ocrx_word' id='word_1_333' title='bbox 2025 2325 2132 2381; x_wconf 79' lang='lat' dir='ltr'>quod</span> 
     </span>
     <span class='ocr_line' id='line_1_33' title="bbox 280 2391 2123 2436; baseline 0.001 -4"><span class='ocrx_word' id='word_1_334' title='bbox 280 2399 342 2432; x_wconf 83' lang='lat' dir='ltr'>sat</span> <span class='ocrx_word' id='word_1_335' title='bbox 383 2399 440 2433; x_wconf 76' lang='lat' dir='ltr'>est</span> <span class='ocrx_word' id='word_1_336' title='bbox 486 2391 541 2433; x_wconf 84' lang='lat' dir='ltr'>ad</span> <span class='ocrx_word' id='word_1_337' title='bbox 588 2392 768 2434; x_wconf 89' lang='lat' dir='ltr'>eundem</span> <span class='ocrx_word' id='word_1_338' title='bbox 828 2393 944 2435; x_wconf 88' lang='lat' dir='ltr'>illum</span> <span class='ocrx_word' id='word_1_339' title='bbox 992 2394 1073 2435; x_wconf 87' lang='lat' dir='ltr'>sint</span> <span class='ocrx_word' id='word_1_340' title='bbox 1120 2394 1356 2436; x_wconf 89' lang='lat' dir='ltr'>referenda.</span> <span class='ocrx_word' id='word_1_341' title='bbox 1420 2394 1586 2436; x_wconf 86' lang='lat' dir='ltr'>Deinde</span> <span class='ocrx_word' id='word_1_342' title='bbox 1637 2394 1769 2436; x_wconf 84' lang='lat' dir='ltr'>verba</span> <span class='ocrx_word' id='word_1_343' title='bbox 1812 2394 2037 2435; x_wconf 87' lang='lat' dir='ltr'>amovendi</span> <span class='ocrx_word' id='word_1_344' title='bbox 2082 2400 2123 2435; x_wconf 86' lang='lat' dir='ltr'>et</span> 
     </span>
     <span class='ocr_line' id='line_1_34' title="bbox 281 2460 2126 2519; baseline 0.002 -19"><span class='ocrx_word' id='word_1_345' title='bbox 281 2460 481 2502; x_wconf 90' lang='lat' dir='ltr'>movendi</span> <span class='ocrx_word' id='word_1_346' title='bbox 512 2461 580 2502; x_wconf 91' lang='lat' dir='ltr'>hic</span> <span class='ocrx_word' id='word_1_347' title='bbox 613 2461 761 2503; x_wconf 86' lang='lat' dir='ltr'>eadem</span> <span class='ocrx_word' id='word_1_348' title='bbox 794 2464 956 2504; x_wconf 85' lang='lat' dir='ltr'>ratione</span> <span class='ocrx_word' id='word_1_349' title='bbox 994 2463 1136 2504; x_wconf 89' lang='lat' dir='ltr'>iuncta</span> <span class='ocrx_word' id='word_1_350' title='bbox 1167 2469 1263 2503; x_wconf 86' lang='lat' dir='ltr'>sunt</span> <span class='ocrx_word' id='word_1_351' title='bbox 1306 2470 1434 2519; x_wconf 80' lang='lat' dir='ltr'>atque</span> <span class='ocrx_word' id='word_1_352' title='bbox 1478 2464 1570 2515; x_wconf 84' lang='lat' dir='ltr'>illis,</span> <span class='ocrx_word' id='word_1_353' title='bbox 1621 2478 1726 2519; x_wconf 87' lang='lat' dir='ltr'>quos</span> <span class='ocrx_word' id='word_1_354' title='bbox 1769 2478 1898 2519; x_wconf 90' lang='lat' dir='ltr'>supra</span> <span class='ocrx_word' id='word_1_355' title='bbox 1942 2478 2126 2504; x_wconf 87' lang='lat' dir='ltr'>comme-</span> 
     </span>
     <span class='ocr_line' id='line_1_35' title="bbox 281 2529 2126 2586; baseline 0.003 -17"><span class='ocrx_word' id='word_1_356' title='bbox 281 2529 689 2582; x_wconf 86' lang='lat' dir='ltr'>moravimus‚locis.</span> <span class='ocrx_word' id='word_1_357' title='bbox 723 2530 872 2572; x_wconf 90' lang='lat' dir='ltr'>Nonne</span> <span class='ocrx_word' id='word_1_358' title='bbox 894 2531 1192 2586; x_wconf 86' lang='lat' dir='ltr'>Megaronides</span> <span class='ocrx_word' id='word_1_359' title='bbox 1216 2532 1400 2573; x_wconf 77' lang='lat' dir='ltr'>Calliclis</span> <span class='ocrx_word' id='word_1_360' title='bbox 1435 2533 1704 2573; x_wconf 86' lang='lat' dir='ltr'>cunctatione</span> <span class='ocrx_word' id='word_1_361' title='bbox 1745 2532 1855 2580; x_wconf 70' lang='lat' dir='ltr'>Quid</span> <span class='ocrx_word' id='word_1_362' title='bbox 1876 2549 1981 2574; x_wconf 80' lang='lat' dir='ltr'>nunc</span> <span class='ocrx_word' id='word_1_363' title='bbox 2012 2535 2126 2574; x_wconf 73' lang='lat' dir='ltr'>stas?</span> 
     </span>
     <span class='ocr_line' id='line_1_36' title="bbox 283 2598 2129 2658; baseline 0.002 -20"><span class='ocrx_word' id='word_1_364' title='bbox 283 2598 597 2640; x_wconf 76' lang='lat' dir='ltr'>stomachatur?</span> <span class='ocrx_word' id='word_1_365' title='bbox 635 2614 717 2640; x_wconf 93' lang='lat' dir='ltr'>non</span> <span class='ocrx_word' id='word_1_366' title='bbox 749 2601 809 2640; x_wconf 88' lang='lat' dir='ltr'>ira</span> <span class='ocrx_word' id='word_1_367' title='bbox 842 2606 1076 2641; x_wconf 87' lang='lat' dir='ltr'>commotus</span> <span class='ocrx_word' id='word_1_368' title='bbox 1111 2601 1249 2641; x_wconf 83' lang='lat' dir='ltr'>statim</span> <span class='ocrx_word' id='word_1_369' title='bbox 1282 2602 1434 2643; x_wconf 83' lang='lat' dir='ltr'>acriter</span> <span class='ocrx_word' id='word_1_370' title='bbox 1475 2603 1516 2643; x_wconf 93' lang='lat' dir='ltr'>in</span> <span class='ocrx_word' id='word_1_371' title='bbox 1560 2617 1654 2643; x_wconf 85' lang='lat' dir='ltr'>eum</span> <span class='ocrx_word' id='word_1_372' title='bbox 1695 2602 1906 2642; x_wconf 85' lang='lat' dir='ltr'>invehitur</span> <span class='ocrx_word' id='word_1_373' title='bbox 1947 2604 2045 2658; x_wconf 72' lang='lat' dir='ltr'>quin</span> <span class='ocrx_word' id='word_1_374' title='bbox 2086 2609 2129 2642; x_wconf 84' lang='lat' dir='ltr'>tu</span> 
     </span>
     <span class='ocr_line' id='line_1_37' title="bbox 283 2669 2129 2727; baseline 0.002 -19"><span class='ocrx_word' id='word_1_375' title='bbox 283 2669 375 2709; x_wconf 78' lang='lat' dir='ltr'>lu‘nc</span> <span class='ocrx_word' id='word_1_376' title='bbox 415 2676 451 2709; x_wconf 82' lang='lat' dir='ltr'>te</span> <span class='ocrx_word' id='word_1_377' title='bbox 492 2683 650 2710; x_wconf 76' lang='lat' dir='ltr'>amoves</span> <span class='ocrx_word' id='word_1_378' title='bbox 696 2676 730 2709; x_wconf 84' lang='lat' dir='ltr'>ct</span> <span class='ocrx_word' id='word_1_379' title='bbox 770 2676 805 2710; x_wconf 77' lang='lat' dir='ltr'>te</span> <span class='ocrx_word' id='word_1_380' title='bbox 848 2671 1006 2710; x_wconf 71' lang='lat' dir='ltr'>moces!</span> <span class='ocrx_word' id='word_1_381' title='bbox 1028 2670 1061 2694; x_wconf 64' lang='lat'>5²³</span> <span class='ocrx_word' id='word_1_382' title='bbox 1102 2670 1377 2726; x_wconf 84' lang='lat' dir='ltr'>Anaphoram</span> <span class='ocrx_word' id='word_1_383' title='bbox 1422 2678 1562 2712; x_wconf 88' lang='lat' dir='ltr'>autem</span> <span class='ocrx_word' id='word_1_384' title='bbox 1607 2672 1863 2727; x_wconf 85' lang='lat' dir='ltr'>pronominis</span> <span class='ocrx_word' id='word_1_385' title='bbox 1902 2679 1938 2712; x_wconf 82' lang='lat' dir='ltr'>tc</span> <span class='ocrx_word' id='word_1_386' title='bbox 1968 2677 2129 2712; x_wconf 89' lang='lat' dir='ltr'>tantum</span> 
     </span>
     <span class='ocr_line' id='line_1_38' title="bbox 284 2736 2130 2793; baseline 0.002 -17"><span class='ocrx_word' id='word_1_387' title='bbox 284 2736 417 2789; x_wconf 79' lang='lat' dir='ltr'>abest,</span> <span class='ocrx_word' id='word_1_388' title='bbox 464 2742 510 2777; x_wconf 85' lang='lat' dir='ltr'>ut</span> <span class='ocrx_word' id='word_1_389' title='bbox 540 2737 727 2793; x_wconf 87' lang='lat' dir='ltr'>ineptam</span> <span class='ocrx_word' id='word_1_390' title='bbox 760 2752 852 2778; x_wconf 88' lang='lat' dir='ltr'>esse</span> <span class='ocrx_word' id='word_1_391' title='bbox 900 2737 1084 2791; x_wconf 83' lang='lat' dir='ltr'>credam,</span> <span class='ocrx_word' id='word_1_392' title='bbox 1130 2745 1187 2791; x_wconf 82' lang='lat' dir='ltr'>ut,</span> <span class='ocrx_word' id='word_1_393' title='bbox 1230 2741 1262 2779; x_wconf 90' lang='lat' dir='ltr'>si</span> <span class='ocrx_word' id='word_1_394' title='bbox 1307 2740 1532 2793; x_wconf 85' lang='lat' dir='ltr'>omittatur,</span> <span class='ocrx_word' id='word_1_395' title='bbox 1575 2740 1828 2782; x_wconf 86' lang='lat' dir='ltr'>desiderem.</span> <span class='ocrx_word' id='word_1_396' title='bbox 1882 2740 1990 2781; x_wconf 87' lang='lat' dir='ltr'>Nam</span> <span class='ocrx_word' id='word_1_397' title='bbox 2023 2739 2130 2781; x_wconf 82' lang='lat' dir='ltr'>haee</span> 
     </span>
     <span class='ocr_line' id='line_1_39' title="bbox 284 2806 2127 2860; baseline 0.003 -15"><span class='ocrx_word' id='word_1_398' title='bbox 284 2807 371 2846; x_wconf 87' lang='lat' dir='ltr'>fere</span> <span class='ocrx_word' id='word_1_399' title='bbox 404 2806 609 2847; x_wconf 88' lang='lat' dir='ltr'>sententia</span> <span class='ocrx_word' id='word_1_400' title='bbox 640 2806 928 2860; x_wconf 82' lang='lat' dir='ltr'>Megaronidis</span> <span class='ocrx_word' id='word_1_401' title='bbox 961 2807 1104 2848; x_wconf 86' lang='lat' dir='ltr'>verbis</span> <span class='ocrx_word' id='word_1_402' title='bbox 1138 2808 1238 2848; x_wconf 85' lang='lat' dir='ltr'>mihi</span> <span class='ocrx_word' id='word_1_403' title='bbox 1271 2808 1445 2850; x_wconf 84' lang='lat' dir='ltr'>subesse</span> <span class='ocrx_word' id='word_1_404' title='bbox 1477 2809 1665 2851; x_wconf 87' lang='lat' dir='ltr'>videtur:</span> <span class='ocrx_word' id='word_1_405' title='bbox 1714 2808 1804 2850; x_wconf 76' lang='lat' dir='ltr'>‘abs</span> <span class='ocrx_word' id='word_1_406' title='bbox 1835 2814 1876 2850; x_wconf 90' lang='lat' dir='ltr'>te</span> <span class='ocrx_word' id='word_1_407' title='bbox 1909 2824 2054 2850; x_wconf 89' lang='lat' dir='ltr'>servos</span> <span class='ocrx_word' id='word_1_408' title='bbox 2087 2816 2127 2850; x_wconf 90' lang='lat' dir='ltr'>et</span> 
     </span>
     <span class='ocr_line' id='line_1_40' title="bbox 284 2873 2130 2934; baseline 0.002 -20"><span class='ocrx_word' id='word_1_409' title='bbox 284 2873 460 2915; x_wconf 83' lang='lat' dir='ltr'>ancillas</span> <span class='ocrx_word' id='word_1_410' title='bbox 503 2875 691 2915; x_wconf 86' lang='lat' dir='ltr'>amoveri</span> <span class='ocrx_word' id='word_1_411' title='bbox 734 2889 910 2916; x_wconf 88' lang='lat' dir='ltr'>necesse</span> <span class='ocrx_word' id='word_1_412' title='bbox 953 2890 1044 2916; x_wconf 87' lang='lat' dir='ltr'>esse</span> <span class='ocrx_word' id='word_1_413' title='bbox 1087 2877 1169 2916; x_wconf 86' lang='lat' dir='ltr'>iam</span> <span class='ocrx_word' id='word_1_414' title='bbox 1213 2877 1299 2917; x_wconf 86' lang='lat' dir='ltr'>dixi</span> <span class='ocrx_word' id='word_1_415' title='bbox 1344 2880 1400 2932; x_wconf 84' lang='lat' dir='ltr'>(v.</span> <span class='ocrx_word' id='word_1_416' title='bbox 1447 2878 1566 2932; x_wconf 74' lang='lat'>779);</span> <span class='ocrx_word' id='word_1_417' title='bbox 1620 2877 1734 2933; x_wconf 86' lang='lat' dir='ltr'>quod</span> <span class='ocrx_word' id='word_1_418' title='bbox 1776 2877 1988 2934; x_wconf 86' lang='lat' dir='ltr'>quomodo</span> <span class='ocrx_word' id='word_1_419' title='bbox 2038 2878 2130 2918; x_wconf 85' lang='lat' dir='ltr'>fieri</span> 
     </span>
     <span class='ocr_line' id='line_1_41' title="bbox 285 2943 2121 3002; baseline 0.003 -19"><span class='ocrx_word' id='word_1_420' title='bbox 285 2944 448 2998; x_wconf 86' lang='lat' dir='ltr'>poterit,</span> <span class='ocrx_word' id='word_1_421' title='bbox 496 2944 530 2984; x_wconf 90' lang='lat' dir='ltr'>si</span> <span class='ocrx_word' id='word_1_422' title='bbox 575 2950 620 2984; x_wconf 88' lang='lat' dir='ltr'>tu</span> <span class='ocrx_word' id='word_1_423' title='bbox 671 2943 761 2999; x_wconf 86' lang='lat' dir='ltr'>ipse</span> <span class='ocrx_word' id='word_1_424' title='bbox 805 2950 846 2984; x_wconf 90' lang='lat' dir='ltr'>te</span> <span class='ocrx_word' id='word_1_425' title='bbox 892 2944 989 2985; x_wconf 92' lang='lat' dir='ltr'>hinc</span> <span class='ocrx_word' id='word_1_426' title='bbox 1034 2946 1203 2986; x_wconf 87' lang='lat' dir='ltr'>minime</span> <span class='ocrx_word' id='word_1_427' title='bbox 1251 2947 1460 2987; x_wconf 81' lang='lat' dir='ltr'>amoveris</span> <span class='ocrx_word' id='word_1_428' title='bbox 1502 2962 1638 3002; x_wconf 90' lang='lat' dir='ltr'>neque</span> <span class='ocrx_word' id='word_1_429' title='bbox 1683 2947 1788 2989; x_wconf 88' lang='lat' dir='ltr'>adeo</span> <span class='ocrx_word' id='word_1_430' title='bbox 1822 2954 1862 2988; x_wconf 85' lang='lat' dir='ltr'>te</span> <span class='ocrx_word' id='word_1_431' title='bbox 1894 2946 2121 2990; x_wconf 82' lang='lat' dir='ltr'>moveris‘?&#39;</span> 
     </span>
     <span class='ocr_line' id='line_1_42' title="bbox 287 3011 1653 3070; baseline 0.004 -18"><span class='ocrx_word' id='word_1_432' title='bbox 287 3011 429 3063; x_wconf 74' lang='lat' dir='ltr'>Quare</span> <span class='ocrx_word' id='word_1_433' title='bbox 461 3012 573 3054; x_wconf 87' lang='lat' dir='ltr'>hunc</span> <span class='ocrx_word' id='word_1_434' title='bbox 603 3011 742 3054; x_wconf 89' lang='lat' dir='ltr'>locum</span> <span class='ocrx_word' id='word_1_435' title='bbox 775 3012 854 3054; x_wconf 91' lang='lat' dir='ltr'>illis</span> <span class='ocrx_word' id='word_1_436' title='bbox 887 3014 1139 3055; x_wconf 86' lang='lat' dir='ltr'>coniecturis</span> <span class='ocrx_word' id='word_1_437' title='bbox 1172 3013 1359 3069; x_wconf 84' lang='lat' dir='ltr'>indigere</span> <span class='ocrx_word' id='word_1_438' title='bbox 1393 3016 1653 3070; x_wconf 78' lang='lat' dir='ltr'>negaverim.</span> 
     </span>
    </p>
   </div>
   <div class='ocr_carea' id='block_1_4' title="bbox 288 3140 2131 3414">
    <p class='ocr_par' dir='ltr' id='par_1_6' title="bbox 288 3140 2131 3414">
     <span class='ocr_line' id='line_1_43' title="bbox 420 3140 2128 3185; baseline 0.002 -14"><span class='ocrx_word' id='word_1_439' title='bbox 420 3140 461 3182; x_wconf 74' lang='grc'>51)</span> <span class='ocrx_word' id='word_1_440' title='bbox 488 3140 530 3171; x_wconf 90' lang='lat' dir='ltr'>de</span> <span class='ocrx_word' id='word_1_441' title='bbox 556 3150 660 3172; x_wconf 90' lang='lat' dir='ltr'>versu</span> <span class='ocrx_word' id='word_1_442' title='bbox 684 3140 806 3173; x_wconf 84' lang='lat' dir='ltr'>bacch.</span> <span class='ocrx_word' id='word_1_443' title='bbox 832 3151 865 3183; x_wconf 87' lang='lat' dir='ltr'>p.</span> <span class='ocrx_word' id='word_1_444' title='bbox 891 3142 944 3173; x_wconf 73' lang='lat'>48.</span> <span class='ocrx_word' id='word_1_445' title='bbox 967 3160 998 3163; x_wconf 80' lang='lat'>—</span> <span class='ocrx_word' id='word_1_446' title='bbox 1018 3142 1058 3185; x_wconf 69' lang='grc'>52)</span> <span class='ocrx_word' id='word_1_447' title='bbox 1086 3143 1120 3172; x_wconf 88' lang='lat' dir='ltr'>in</span> <span class='ocrx_word' id='word_1_448' title='bbox 1140 3142 1239 3174; x_wconf 78' lang='lat' dir='ltr'>Anal.</span> <span class='ocrx_word' id='word_1_449' title='bbox 1266 3142 1381 3176; x_wconf 85' lang='lat' dir='ltr'>Plaut.</span> <span class='ocrx_word' id='word_1_450' title='bbox 1410 3153 1440 3184; x_wconf 87' lang='lat' dir='ltr'>p.</span> <span class='ocrx_word' id='word_1_451' title='bbox 1470 3144 1544 3176; x_wconf 78' lang='lat'>199.</span> <span class='ocrx_word' id='word_1_452' title='bbox 1565 3162 1605 3167; x_wconf 91' lang='lat'><em>-</em></span> <span class='ocrx_word' id='word_1_453' title='bbox 1625 3144 1666 3185; x_wconf 62' lang='lat'>522)</span> <span class='ocrx_word' id='word_1_454' title='bbox 1695 3143 1820 3175; x_wconf 79' lang='lat' dir='ltr'>similis</span> <span class='ocrx_word' id='word_1_455' title='bbox 1847 3143 1999 3185; x_wconf 83' lang='lat' dir='ltr'>quodam</span> <span class='ocrx_word' id='word_1_456' title='bbox 2025 3143 2128 3175; x_wconf 87' lang='lat' dir='ltr'>modo</span> 
     </span>
     <span class='ocr_line' id='line_1_44' title="bbox 289 3196 2131 3243; baseline 0.002 -15"><span class='ocrx_word' id='word_1_457' title='bbox 289 3197 400 3228; x_wconf 86' lang='lat' dir='ltr'>estin</span> <span class='ocrx_word' id='word_1_458' title='bbox 426 3196 564 3228; x_wconf 87' lang='lat' dir='ltr'>Phorm.</span> <span class='ocrx_word' id='word_1_459' title='bbox 591 3197 688 3229; x_wconf 90' lang='lat' dir='ltr'>locus</span> <span class='ocrx_word' id='word_1_460' title='bbox 726 3199 806 3239; x_wconf 81' lang='lat'>(559</span> <span class='ocrx_word' id='word_1_461' title='bbox 849 3199 948 3241; x_wconf 82' lang='lat' dir='ltr'>sqq.)‚</span> <span class='ocrx_word' id='word_1_462' title='bbox 986 3198 1045 3230; x_wconf 87' lang='lat' dir='ltr'>ubi</span> <span class='ocrx_word' id='word_1_463' title='bbox 1087 3198 1177 3231; x_wconf 81' lang='lat' dir='ltr'>Geta</span> <span class='ocrx_word' id='word_1_464' title='bbox 1219 3210 1340 3231; x_wconf 79' lang='lat' dir='ltr'>servus</span> <span class='ocrx_word' id='word_1_465' title='bbox 1377 3200 1428 3231; x_wconf 78' lang='lat' dir='ltr'>ita</span> <span class='ocrx_word' id='word_1_466' title='bbox 1464 3200 1712 3232; x_wconf 80' lang='lat' dir='ltr'>Phormionem</span> <span class='ocrx_word' id='word_1_467' title='bbox 1739 3204 1773 3232; x_wconf 85' lang='lat' dir='ltr'>et</span> <span class='ocrx_word' id='word_1_468' title='bbox 1813 3201 2048 3243; x_wconf 85' lang='lat' dir='ltr'>Antiphonem</span> <span class='ocrx_word' id='word_1_469' title='bbox 2086 3201 2131 3232; x_wconf 84' lang='lat' dir='ltr'>ad</span> 
     </span>
     <span class='ocr_line' id='line_1_45' title="bbox 288 3254 2130 3301; baseline 0.004 -17"><span class='ocrx_word' id='word_1_470' title='bbox 288 3254 544 3295; x_wconf 82' lang='lat' dir='ltr'>properandum</span> <span class='ocrx_word' id='word_1_471' title='bbox 571 3255 703 3286; x_wconf 68' lang='lat' dir='ltr'>excitat</span> <span class='ocrx_word' id='word_1_472' title='bbox 734 3259 768 3287; x_wconf 86' lang='lat' dir='ltr'>et</span> <span class='ocrx_word' id='word_1_473' title='bbox 799 3259 898 3297; x_wconf 84' lang='lat' dir='ltr'>urget</span> <span class='ocrx_word' id='word_1_474' title='bbox 925 3255 1032 3297; x_wconf 71' lang='lat' dir='ltr'>Aufer</span> <span class='ocrx_word' id='word_1_475' title='bbox 1064 3260 1093 3289; x_wconf 82' lang='lat' dir='ltr'>tc</span> <span class='ocrx_word' id='word_1_476' title='bbox 1119 3257 1195 3288; x_wconf 75' lang='lat' dir='ltr'>hinc</span> <span class='ocrx_word' id='word_1_477' title='bbox 1222 3276 1260 3280; x_wconf 88' lang='lat'>—</span> <span class='ocrx_word' id='word_1_478' title='bbox 1290 3269 1402 3290; x_wconf 71' lang='lat' dir='ltr'>eamus</span> <span class='ocrx_word' id='word_1_479' title='bbox 1428 3270 1505 3301; x_wconf 70' lang='lat' dir='ltr'>erqo</span> <span class='ocrx_word' id='word_1_480' title='bbox 1546 3258 1592 3290; x_wconf 75' lang='lat' dir='ltr'>(td</span> <span class='ocrx_word' id='word_1_481' title='bbox 1632 3269 1704 3290; x_wconf 78' lang='lat' dir='ltr'>cum</span> <span class='ocrx_word' id='word_1_482' title='bbox 1731 3260 1822 3290; x_wconf 74' lang='lat' dir='ltr'>ocius</span> <span class='ocrx_word' id='word_1_483' title='bbox 1849 3277 1888 3281; x_wconf 94' lang='lat'><em>-</em></span> <span class='ocrx_word' id='word_1_484' title='bbox 1918 3268 2033 3291; x_wconf 82' lang='lat' dir='ltr'>verum</span> <span class='ocrx_word' id='word_1_485' title='bbox 2073 3259 2130 3291; x_wconf 76' lang='lat' dir='ltr'>abi</span> 
     </span>
     <span class='ocr_line' id='line_1_46' title="bbox 289 3310 2127 3357; baseline 0.004 -15"><span class='ocrx_word' id='word_1_486' title='bbox 289 3310 474 3343; x_wconf 85' lang='lat' dir='ltr'>domum-</span> <span class='ocrx_word' id='word_1_487' title='bbox 491 3313 627 3344; x_wconf 69' lang='lat' dir='ltr'>cessas?</span> <span class='ocrx_word' id='word_1_488' title='bbox 654 3331 694 3336; x_wconf 90' lang='lat'><strong>—</strong></span> <span class='ocrx_word' id='word_1_489' title='bbox 719 3313 797 3345; x_wconf 76' lang='lat' dir='ltr'>hinc</span> <span class='ocrx_word' id='word_1_490' title='bbox 822 3313 918 3346; x_wconf 82' lang='lat' dir='ltr'>modo</span> <span class='ocrx_word' id='word_1_491' title='bbox 943 3318 972 3347; x_wconf 82' lang='lat' dir='ltr'>te</span> <span class='ocrx_word' id='word_1_492' title='bbox 988 3324 1101 3346; x_wconf 74' lang='lat' dir='ltr'>amove</span> <span class='ocrx_word' id='word_1_493' title='bbox 1127 3315 1193 3355; x_wconf 73' lang='lat' dir='ltr'>(sic</span> <span class='ocrx_word' id='word_1_494' title='bbox 1220 3314 1393 3347; x_wconf 79' lang='lat' dir='ltr'>Fleckeis.</span> <span class='ocrx_word' id='word_1_495' title='bbox 1423 3318 1457 3347; x_wconf 86' lang='lat' dir='ltr'>et</span> <span class='ocrx_word' id='word_1_496' title='bbox 1482 3315 1662 3354; x_wconf 78' lang='lat' dir='ltr'>Dziatzk.;</span> <span class='ocrx_word' id='word_1_497' title='bbox 1688 3315 1784 3347; x_wconf 89' lang='lat' dir='ltr'>modo</span> <span class='ocrx_word' id='word_1_498' title='bbox 1809 3320 1830 3349; x_wconf 72' lang='lat' dir='ltr'>t.</span> <span class='ocrx_word' id='word_1_499' title='bbox 1857 3315 1888 3347; x_wconf 86' lang='grc' dir='ltr'>Ῐι.</span> <span class='ocrx_word' id='word_1_500' title='bbox 1917 3327 1949 3348; x_wconf 86' lang='grc' dir='ltr'>α.</span> <span class='ocrx_word' id='word_1_501' title='bbox 1976 3316 2127 3357; x_wconf 88' lang='lat' dir='ltr'>codices,</span> 
     </span>
     <span class='ocr_line' id='line_1_47' title="bbox 290 3368 787 3414; baseline 0.006 -14"><span class='ocrx_word' id='word_1_502' title='bbox 290 3378 377 3410; x_wconf 88' lang='lat' dir='ltr'>quos</span> <span class='ocrx_word' id='word_1_503' title='bbox 390 3368 575 3412; x_wconf 84' lang='lat' dir='ltr'>Umpfenb.</span> <span class='ocrx_word' id='word_1_504' title='bbox 603 3371 787 3414; x_wconf 81' lang='lat' dir='ltr'>sequitur).</span> 
     </span>
    </p>
   </div>
  </div>
 </body>
</html>
