2321 3835
678 926 793 1008 PP
799 925 967 1008 om
974 924 1351 1009 cOMENA

460 1169 513 1251 L
546 1167 851 1251 CXICON
904 1168 1290 1251 ΤΕΙΙΕΝΤΙ
1298 1168 1583 1252 ANUM.

269 1525 376 1585 Cum
434 1561 543 1601 quae
596 1545 716 1585 nobis
769 1547 1040 1598 tragicorum,
1101 1546 1371 1597 comicorum⁷
1424 1546 1732 1597 historicorum,
1777 1544 1947 1585 Catonis

104 1617 292 1670 (praeter
324 1614 476 1655 librum
511 1616 561 1655 de
594 1630 639 1654 re
672 1615 860 1667 rustica),
908 1614 1057 1654 Lucilii
1102 1615 1338 1668 fragmenta
1382 1621 1549 1655 servata
1580 1620 1676 1654 sunt
1709 1614 1946 1665 Ribbeckii,

104 1684 260 1736 Penni,
292 1684 474 1733 lordani,
499 1684 548 1725 L.
571 1683 777 1736 Muelleri,
804 1683 985 1723 Harderi
1009 1700 1139 1739 opera
1161 1683 1372 1724 indicibus
1396 1684 1724 1724 accuratissimis
1748 1685 1949 1724 instructa

103 1756 195 1806 sint,
239 1753 425 1794 Plauti
467 1759 520 1794 et
565 1753 825 1793 Terentii
869 1753 1116 1793 comoediae
1158 1752 1363 1793 similibus
1410 1752 1463 1792 ad
1507 1752 1618 1792 hunc
1657 1753 1765 1793 diem
1806 1761 1949 1794 carent

104 1823 373 1864 adiumentis.
415 1822 623 1878 Namque,
657 1828 702 1862 ut
733 1821 833 1862 nihil
867 1822 1001 1862 dicam
1035 1822 1086 1862 de
1118 1822 1241 1862 Parei
1274 1822 1536 1876 aliorumque
1570 1822 1791 1875 indicibus,
1845 1839 1949 1878 quos

102 1893 320 1934 Plautinos
353 1893 580 1944 nominant,
614 1892 768 1948 quibus
797 1899 1046 1947 quaerentes
1080 1893 1212 1947 magis
1245 1891 1497 1933 deseruntur
1521 1907 1647 1948 quam
1682 1892 1950 1944 adiuvantur,

105 1962 151 2003 C.
176 1962 232 2005 H.
255 1962 404 2003 Weisii
435 1961 634 2013 lexicon¹,
686 1967 985 2016 praeterquam
1030 1961 1145 2016 quod
1189 1968 1286 2002 ante
1329 1962 1404 2002 lios
1438 1961 1719 2017 quadraginta
1753 1968 1951 2017 quattuor

107 2047 237 2072 annos
270 2031 427 2072 editum
461 2030 580 2071 huius
614 2032 760 2071 aetatis
793 2031 939 2071 studiis
971 2031 1175 2071 Plautinis
1213 2046 1293 2072 non
1328 2032 1408 2071 iam
1442 2031 1612 2084 sufficit7
1659 2030 1711 2072 ab
1745 2031 1949 2071 exhausta

105 2101 286 2141 Plautini
331 2101 534 2141 sermonis
584 2100 779 2141 ubertate
831 2100 1074 2155 longissime
1115 2100 1248 2142 abest.
1305 2101 1384 2141 His
1427 2100 1583 2142 similes
1625 2107 1721 2141 sunt
1762 2101 1947 2141 Terentii

105 2169 280 2222 indices,
305 2169 449 2225 quales
472 2169 724 2224 Bipontinae
745 2175 785 2210 et
809 2170 857 2211 A.
885 2170 936 2211 H.
961 2170 1245 2211 NVesterhovii
1266 2169 1520 2211 editionibus
1545 2169 1677 2210 additi
1700 2176 1818 2223 sunt3
1852 2185 1949 2210 non-

104 2239 229 2280 nullis
274 2240 382 2280 enim
438 2238 540 2279 locis
588 2238 936 2280 memorabilibus
991 2239 1268 2281 continentur.
1342 2239 1492 2294 Neque
1539 2240 1666 2280 totius
1712 2240 1949 2280 Latinitatis

108 2308 260 2360 lexica,
304 2323 410 2363 quae
441 2307 570 2362 vulgo
603 2309 760 2364 optima
792 2309 1047 2360 existimant⁷
1097 2324 1304 2349 summam
1349 2309 1552 2349 sermonis
1594 2310 1742 2350 comici
1785 2310 1949 2363 copiam

109 2382 233 2430 atque
267 2376 320 2417 ab
345 2377 526 2432 optimae
548 2378 694 2418 aetatis
718 2393 796 2418 usu
818 2378 916 2418 satis
940 2377 1150 2418 diversam
1176 2377 1413 2434 complecti,
1449 2378 1541 2433 quis
1565 2384 1627 2419 est
1653 2379 1724 2434 qui
1747 2379 1919 2418 miretur
1933 2380 1953 2418 ζ)

107 2445 250 2497 Quare
283 2451 486 2501 quantum
519 2446 793 2487 emolumenti
835 2447 1087 2502 scriptorum
1133 2447 1272 2488 lexiea
1313 2447 1528 2503 specialia,
1581 2463 1690 2503 quae
1732 2454 1952 2499 vocantur,

104 2515 250 2556 studiis
281 2516 462 2570 antiquis
496 2514 746 2568 attulissent,
781 2531 874 2556 cum
909 2515 1211 2571 intellegerem,
1259 2532 1340 2558 non
1374 2517 1528 2558 frustra
1560 2533 1627 2557 mc
1660 2517 1948 2558 laboraturum

107 2585 267 2639 putavi,
316 2585 348 2625 si
381 2584 552 2625 alterius
584 2583 732 2625 horum
766 2586 1020 2640 scriptorum
1054 2585 1220 2627 dicendi
1254 2602 1372 2627 usum
1408 2586 1632 2628 collectum
1668 2586 1949 2640 digessissem.

107 2652 250 2709 Atque
281 2659 419 2694 utrum
455 2653 652 2707 eligerem
687 2668 769 2694 non
802 2653 871 2694 diu
903 2655 1089 2695 incertus
1121 2656 1200 2707 sui3
1235 2656 1386 2696 etenim
1421 2661 1461 2695 et
1493 2655 1629 2696 studio
1666 2671 1757 2696 meo
1791 2661 1831 2695 et
1862 2656 1952 2695 aliis

106 2721 220 2763 haud
250 2722 415 2763 levibus
449 2723 587 2763 causis
621 2722 674 2762 ad
706 2723 948 2764 Terentium
990 2723 1098 2764 latus
1143 2740 1248 2767 sum.
1301 2725 1489 2766 Primum
1535 2724 1704 2780 quidem
1748 2725 1951 2765 sermonis

107 2790 348 2832 Terentiani
381 2791 588 2846 elegantia
632 2792 731 2832 mihi
778 2793 911 2847 magis
954 2782 1192 2846 arridebat3
1245 2800 1331 2834 tum
1378 2793 1664 2835 Plautinarum
1713 2792 1950 2834 tabularum

108 2875 308 2900 numerus
340 2876 415 2916 pro
461 2862 563 2902 meis
604 2861 765 2902 viribus
810 2862 942 2902 maior
985 2877 1076 2902 esse
1117 2862 1366 2916 videbatui-3
1422 2864 1615 2919 denique,
1661 2879 1756 2903 cum
1804 2862 1951 2902 harum

110 2928 398 2984 compluribus
442 2936 557 2970 certa
600 2946 622 2971 e
665 2946 709 2971 re
754 2932 899 2972 critica
941 2931 1215 2972 fundamenta
1258 2932 1395 2973 adhue
1430 2932 1637 2985 deessent,
1689 2932 1951 2973 Terentianis

54 3013 58 3016 ’
111 2996 342 3038 comoediis
374 2997 481 3038 haec
511 3000 621 3040 iacta
653 3016 744 3040 esse
787 3000 1084 3054 intellegebam
1129 3001 1206 3043 Fr„
1243 3002 1281 3042 U
1297 3017 1334 3041 m
1353 3017 1378 3056 p
1392 3001 1592 3042 fenbac
1611 3003 1683 3041 hii
1727 3001 1906 3041 editione
1923 3002 1951 3052 ²¹,

111 3067 153 3107 in
186 3081 269 3121 qua
299 3080 381 3106 non
414 3066 549 3107 solum
584 3068 740 3109 codicis
789 3069 985 3110 Bembini
1029 3071 1263 3125 scripturae
1306 3071 1619 3111 accuratissime
1663 3084 1869 3110 excussae
1912 3075 1953 3110 ot

110 3135 455 3189 gravissimorum
477 3135 670 3192 Calliopii
690 3137 890 3178 librorum
915 3153 1012 3179 mss⁶
1036 3138 1237 3180 lectiones
1261 3139 1459 3194 prolatae,
1480 3139 1555 3180 sed
1570 3140 1693 3179 etiam
1718 3139 1952 3179 testimonia

110 3209 303 3244 veterum
335 3206 708 3258 grammaticorum
742 3205 961 3260 diligenter
993 3208 1192 3248 adnotata
1225 3214 1331 3249 sunt.

246 3321 272 3359 ¹)
307 3320 563 3362 Quedlinburgi
598 3325 632 3353 et
665 3322 809 3363 Lipsiae
846 3322 1041 3364 sumptibus
1078 3323 1118 3356 G.
1151 3324 1267 3355 Bassii
1312 3334 1342 3355 a.
1383 3325 1468 3356 18:38
1504 3323 1645 3355 editum.
1690 3342 1730 3347 --
1771 3323 1795 3365 2)
1830 3321 1946 3356 Berol.

112 3376 204 3418 apud
229 3377 450 3410 XVeidmann.
481 3389 512 3410 a.
540 3380 637 3411 1870.
