2321 3835
727 274 922 304 Quaestionos
943 274 1151 306 Terentianae,
1172 274 1210 306 11,
1230 274 1255 299 5.
1910 264 1957 304 11

120 405 372 448 Fleckeiseno
402 402 685 459 czeqaabz'litatc'
717 400 915 442 studentes
950 401 1095 455 ubique
1155 402 1354 441 vocativo-s·
1387 402 1591 442 Laches
1636 409 1670 441 et
1720 402 1787 441 C'h
1804 417 1961 442 remes

121 475 316 516 dedimus.
355 473 414 513 At
444 471 696 520 contrariam
734 470 822 510 fere
865 469 1113 509 sententiam
1158 468 1381 524 amplexus
1414 476 1503 510 erat
1535 469 1761 521 Bentlcius‚
1795 471 1864 525 qui
1908 485 1961 510 ex

122 542 425 600 quinquaginta
466 554 540 581 sex
580 539 693 588 locis,
736 536 888 593 quibus
937 536 1172 578 Chremetis
1221 539 1440 579 vocativus
1492 539 1531 578 in
1578 539 1762 579 Terentii
1809 539 1960 580 tabulis

115 612 304 667 scriptus
336 616 412 662 est,
443 608 595 650 tribus:
628 609 667 648 in
691 606 799 649 Eun.
822 621 862 648 v,
888 605 971 648 535
1003 605 1102 660 (III,
1127 608 1164 660 3,
1189 607 1260 661 29)
1294 613 1334 648 et
1357 608 1438 649 743
1470 607 1566 662 (IV,
1590 608 1626 657 6,
1650 608 1705 662 5),
1730 607 1856 648 Haut.
1876 609 1960 650 tim.

126 680 234 723 1052
281 678 351 733 (V,
395 678 433 730 5,
465 678 490 719 8
535 677 576 718 in
623 676 761 717 medio
808 675 868 731 v.)
913 673 1115 716 Chremes
1161 682 1396 731 receperat.
1447 676 1772 717 Fleckeisenuin
1824 684 1960 718 autem

122 764 217 791 cum
249 753 418 805 praeter
448 744 836 802 Umpfenbachium
868 744 950 786 Gn.
976 743 1166 800 Wagner
1198 750 1238 786 et
1270 744 1469 800 Spengel.
1490 745 1522 770 ¹⁵
1552 746 1684 786 secuti
1716 746 1796 786 sint
1827 761 1962 802 neque

125 819 177 860 de
196 833 275 859 usu
305 816 557 858 Terentiano
589 821 661 856 aut
691 813 945 856 Ritschelius
976 814 1016 854 in
1048 813 1236 870 proleg-g.
1276 830 1315 869 p.
1348 827 1559 859 Lxxxvn,
1593 815 1817 871 quicquam
1845 831 1962 870 prae-

125 887 286 943 ceperit
328 891 400 926 aut
429 885 550 926 Neue
582 885 621 925 in
653 898 829 939 gramm.
861 883 956 925 Lat.
989 883 1036 936 1.,
1069 898 1109 939 p.
1143 883 1226 926 29ss
1259 884 1496 924 accuratius
1530 885 1675 939 egerit,
1707 899 1788 925 non
1820 884 1962 925 inutile

127 957 180 998 sit
210 955 407 998 omnibus
438 954 623 995 Terentii
654 953 767 1003 locis,
792 953 862 1008 qui
883 952 965 993 huc
997 958 1200 1008 spectant,
1234 952 1418 994 collectis
1439 954 1480 994 in
1512 968 1605 994 eam
1628 969 1717 995 reni
1740 954 1962 1009 inquirere.

122 1025 232 1068 Nam
272 1025 457 1080 primum
502 1023 586 1064 Ios.
628 1022 803 1063 Krauss
856 1022 897 1062 in
942 1022 1258 1076 quaestionibus
1299 1023 1396 1064 Ter.
1441 1024 1594 1064 criticis
1637 1023 1962 1079 haudquaquam

123 1095 308 1137 omnium
331 1093 522 1135 locorum
544 1092 747 1132 rationem
768 1090 915 1131 habuit
938 1097 980 1131 et
1000 1097 1145 1146 aperte
1168 1091 1323 1132 fatetur
1355 1092 1414 1147 (p.
1441 1093 1512 1147 32)
1536 1107 1618 1134 non
1640 1099 1725 1133 tam
1748 1099 1862 1133 certo
1887 1093 1963 1133 sibi

121 1170 317 1206 constare
349 1162 400 1202 de
432 1162 510 1202 hae
544 1161 788 1216 quaestione
811 1166 873 1200 sat
894 1160 1106 1216 impedita,
1139 1166 1185 1201 ut
1207 1162 1342 1202 sintne
1365 1161 1507 1202 Lache
1532 1167 1571 1202 et
1593 1162 1774 1203 Chreme
1806 1162 1964 1203 formae

126 1233 292 1274 omnino
314 1230 559 1286 repudiatae
580 1230 621 1270 in
644 1228 784 1270 medio
807 1244 945 1282 versu,
972 1245 1021 1270 an
1048 1229 1211 1285 syllaba
1242 1231 1380 1286 priore
1413 1236 1537 1272 acuta
1569 1231 1743 1284 (Lache,
1768 1231 1964 1286 Chreme)

123 1301 343 1354 admissae,
368 1299 523 1340 audeat
545 1304 730 1340 statuere
755 1298 1057 1352 confidentius3
1082 1299 1201 1340 huius
1224 1315 1323 1341 sane
1347 1302 1554 1342 sententia
1575 1301 1652 1341 nisi
1676 1300 1965 1356 compluribus

123 1371 226 1413 locis
266 1369 437 1410 mutatis
480 1383 562 1410 11011
606 1369 761 1424 poterit
803 1367 986 1423 probari.
1033 1368 1200 1409 Deinde
1242 1369 1452 1410 Dziatzko
1499 1371 1559 1425 (in
1602 1369 1770 1410 Phorm.
1815 1369 1881 1410 ed.
1926 1385 1965 1424 p.

128 1440 226 1496 105)
260 1445 302 1481 01
322 1438 530 1479 Meissner
569 1439 627 1493 (in
669 1437 801 1479 Andr.
837 1437 902 1478 ed.
936 1453 975 1493 p.
1012 1438 1123 1489 135),
1167 1439 1244 1479 etsi
1286 1446 1399 1480 recte
1442 1439 1492 1480 de
1525 1439 1605 1480 hoc
1636 1454 1715 1479 usu
1758 1438 1966 1479 iudicasse

123 1511 331 1559 videntur,
357 1514 509 1560 tamen,
533 1507 646 1563 quod
669 1507 781 1548 50105
805 1507 1068 1548 Phormionis
1102 1513 1143 1548 et
1163 1508 1351 1549 Andriae
1383 1514 1664 1564 respexerunt
1695 1509 1823 1561 locos,
1857 1514 1966 1549 cete-

123 1594 262 1620 rarum
304 1578 542 1618 fabularum
574 1592 656 1618 non
699 1578 812 1630 item,
846 1577 953 1617 hanc
985 1578 1274 1632 quaestionem
1308 1594 1391 1619 11011
1419 1579 1704 1621 absolverunt.

295 1647 383 1690 Sed
413 1648 495 1687 iam
528 1646 752 1687 ordiamur.
786 1645 928 1702 Atque
961 1661 1015 1686 ex
1047 1647 1239 1688 omnibus
1280 1647 1520 1688 nominibus
1564 1648 1743 1703 propriis
1777 1648 1966 1697 Graecis,

126 1733 234 1774 quae
266 1716 380 1773 apud
412 1716 654 1757 Terentium
694 1716 733 1756 in
768 1724 827 1756 Μῦὸ·
859 1715 1064 1770 syllabam
1100 1722 1256 1757 exeunt
1290 1716 1647 1772 (Archidemides,
1689 1717 1967 1769 Archonides,

125 1786 436 1838 Callidemides,
470 1786 685 1838 Chremes,
720 1785 941 1839 Hercules,
975 1786 1153 1838 Laches,
1183 1787 1489 1843 Phanocrates)
1522 1793 1690 1842 praeter
1715 1786 1901 1828 (l'lzremes
1930 1793 1970 1826 et

125 1858 280 1899 Laches
311 1855 471 1897 nullum
514 1856 555 1896 in
587 1856 785 1896 vocativo
825 1870 926 1896 casu
958 1855 1181 1898 invenitur.
1224 1856 1533 1897 Pei-commode
1567 1871 1664 1897 vero
1699 1855 1823 1905 cadit,
1858 1856 1970 1911 quod

123 1926 175 1967 de
206 1925 354 1967 iisdem
384 1924 529 1967 formis
558 1940 688 1979 grave
711 1924 992 1965 testimoniium
1016 1925 1219 1966 Prisciani
1242 1925 1273 1978 I,
1306 1941 1345 1981 p.
1368 1927 1450 1967 ‘288
1483 1931 1676 1981 superest
1719 1925 1816 1966 ‘Nec
1847 1925 1973 1966 solnm.

122 2011 165 2038 tn
195 1997 269 2047 his,
303 2011 405 2051 quae
434 2001 527 2035 sunt
553 1996 728 2049 primae,
772 1994 841 2034 sed
871 1996 992 2035 etiam
1025 1996 1065 2035 ἰη
1099 1995 1191 2045 illis,
1225 2011 1328 2050 quae
1359 1997 1511 2047 tertiae,
1557 1996 1599 2037 id
1629 2002 1685 2036 est
1718 1997 1759 2035 ἰη
1789 1995 1971 2036 omnibus

129 2065 297 2106 Graecis
328 2081 368 2106 es
391 2065 593 2121 pmdueta
612 2064 762 2117 finitis,
805 2064 993 2104 &ritaliter
1026 2065 1179 2105 inve-nis·
1211 2067 1435 2106 vocativum
1479 2067 1518 2106 ιή
1562 2081 1580 2105 0
1604 2065 1848 2120 productam
1873 2080 1969 2119 pro-

113 2135 244 2189 ferri,
277 2141 321 2175 ut
346 2133 561 2184 Cho-eme,
586 2133 762 2184 Lache,
795 2132 1011 2175 Achille.
1045 2132 1099 2173 Et
1133 2133 1265 2173 tribus
1297 2133 1398 2175 locis
1420 2134 1696 2186 Terentianis,
1730 2134 1895 2174 duobus
1918 2148 1970 2173 ex

125 2202 520 2258 An‹11·.(550‚868
561 2201 760 2258 Chreme)
809 2214 936 2257 atque
982 2217 1064 2243 uno
1109 2218 1163 2243 ex
1205 2203 1312 2245 Hec.
1359 2206 1459 2259 (633
1501 2203 1678 2259 Lache),
1721 2209 1762 2244 et
1804 2202 1970 2244 duobus

126 2272 344 2314 Ovidianis
393 2272 511 2327 (Met.
545 2272 633 2312 XII
682 2273 777 2324 363,
822 2272 933 2312 XIII
970 2273 1048 2313 130
1082 2272 1267 2328 Achille)
1312 2274 1546 2328 exscriptis,
1593 2274 1651 2314 ita
1692 2274 1828 2329 pergit
1873 2273 1971 2313 ‘Nee

126 2344 286 2393 mirum,
329 2358 417 2383 cum
453 2340 700 2382 Graecorum
741 2357 895 2397 quoque
930 2349 1074 2397 poetae
1105 2342 1290 2383 similiter
1322 2344 1581 2384 inrem'cmtm·
1606 2343 1827 2399 protulisse
1857 2358 1968 2383 voca-

123 2414 226 2453 tivos
255 2413 299 2453 ’ἰη
331 2427 462 2467 supra
492 2411 600 2452 dicta
630 2412 934 2452 terminatione.
967 2411 1035 2451 De
1067 2411 1189 2452 huius
1222 2411 1300 2453 loci
1333 2413 1582 2453 auctoritate
1612 2413 1712 2453 nihil
1738 2411 1970 2452 detrahitur

128 2479 305 2521 Charisii
338 2480 388 2536 (I,
425 2479 492 2533 14)
534 2480 677 2520 verbis
713 2480 989 2529 ‘Nomlnntivo
1020 2481 1227 2535 si'n'qulcww'
1255 2484 1297 2523 1711,
1330 2498 1368 2523 es
1400 2484 1587 2524 eweuntc'a
1618 2483 1971 2536 ezcmlemjaciunt·

126 2543 420 2591 nominativum
461 2557 494 2590 et
538 2551 772 2600 vocativum,
814 2549 919 2590 veliet
962 2551 1037 2590 hic
1067 2550 1308 2592 Hercules
1339 2568 1360 2592 0
1392 2551 1645 2605 Hei-cules,
1690 2551 1841 2607 quibus
1873 2565 1967 2591 eum

127 2633 227 2659 suae
259 2619 408 2659 aetatis
439 2617 679 2658 hominibus
702 2624 975 2674 pracceptum
1007 2618 1215 2660 scribendi
1251 2619 1416 2661 dedisse
1439 2627 1628 2676 apparet.
1661 2621 1826 2661 Etenim
1851 2620 1971 2661 aliter

129 2687 200 2728 illa
242 2688 276 2728 si
316 2686 604 2739 intellexisset,
645 2687 807 2740 eodem,
850 2702 931 2742 quo
977 2702 1076 2728 usus
1121 2694 1194 2741 est,
1239 2689 1433 2744 exemplo
1481 2690 1818 2744 redargueretur,
1870 2689 1970 2730 nihil

129 2771 224 2798 cum
246 2756 415 2809 hercule,
436 2773 496 2798 me
519 2757 687 2809 hercule,
711 2757 836 2798 hercle
856 2756 1055 2797 Romanis
1089 2763 1198 2798 esset
1220 2759 1412 2799 usitatius
1433 2760 1474 2799 ¹⁸.
1507 2759 1617 2800 Tum
1650 2758 1765 2799 nulla
1795 2772 1968 2814 prorsus

131 2832 194 2867 est
232 2827 335 2867 ratio
366 2827 547 2867 vocativi
589 2826 745 2866 forinas
781 2825 948 2868 Chreme
988 2833 1028 2866 et
1058 2827 1191 2868 Lache
1231 2827 1427 2868 Terentio
1470 2828 1724 2878 abiudicare‚
1771 2829 1965 2884 quoniam

126 2897 167 2936 in
200 2895 349 2935 ceteris
382 2909 550 2951 quoque
583 2895 751 2937 casibus
782 2895 890 2936 illius
923 2895 1131 2937 substant.
1164 2896 1280 2952 (nam
1315 2896 1511 2937 Lachetis
1544 2912 1696 2938 nomen
1727 2898 1768 2937 in
1802 2896 1969 2937 casibus

131 2963 311 3019 obliquis
342 2964 455 3019 apud
486 2965 583 3006 Ter.
609 2965 744 3021 deest)
779 2965 845 3005 hic
878 2966 1042 3006 variare
1076 2965 1182 3007 solet
1212 2967 1394 3019 formas,
1427 2966 1538 3022 apud
1563 2981 1686 3021 quem
1711 2967 1748 3006 in
1773 2966 1968 3019 genetivo

127 3048 209 3074 non
243 3033 376 3074 solum
413 3032 628 3075 Chremetis
661 3033 813 3089 (Andr.
848 3034 960 3089 ⁴247),
1007 3034 1078 3075 sed
1124 3035 1249 3075 etiam
1285 3035 1449 3076 Chremi
1491 3035 1641 3090 (Andr.
1676 3037 1776 3091 368)
1799 3035 1828 3059 ¹⁷
1859 3041 1899 3075 et
1929 3036 1969 3076 in

129 3102 369 3144 accusativo
403 3109 570 3158 praeter
604 3102 846 3145 Chremetem
877 3102 1028 3158 (Andr.
1062 3104 1157 3156 472,
1181 3104 1277 3154 533)
1312 3105 1435 3144 etiam
1472 3104 1665 3146 Chremen
1698 3103 1847 3159 (Andr.
1873 3105 1966 3153 361,

267 3230 305 3271 1ὖ)
334 3230 425 3271 quod
450 3231 485 3261 in
511 3230 615 3261 Andr.
644 3230 724 3261 edit.
756 3241 788 3263 v.
814 3232 890 3268 550,
918 3232 991 3269 561,
1018 3232 1082 3261 574
1113 3230 1254 3263 Chreme
1279 3231 1424 3262 formam
1452 3242 1492 3262 ex
1527 3232 1705 3263 codicibus
1732 3234 1873 3275 recepit,
1908 3235 1968 3264 im-

129 3287 253 3329 probat
276 3289 311 3319 in
338 3289 461 3329 corrig.
488 3299 519 3329 p.
548 3289 621 3327 157,
648 3288 706 3319 ubi
725 3298 800 3319 eam
820 3299 881 3319 nos
900 3289 934 3318 in
953 3287 1109 3320 Clu-emes
1129 3292 1262 3320 mutare
1289 3289 1395 3319 iubet.
1416 3308 1457 3312 —
1480 3289 1515 3329 Μ)
1538 3290 1579 3320 cf.
1599 3294 1781 3330 praeterea
1808 3292 1967 3332 exempla

134 3346 227 3386 apud
253 3346 403 3377 Neuiuin
441 3346 467 3385 Ι,
493 3348 558 3378 ‘395
590 3356 607 3377 e
642 3347 749 3378 variis
783 3346 1008 3388 scriptoribus
1048 3349 1225 3387 congesta.
1257 3365 1298 3369 ——
1338 3347 1373 3387 Π)
1418 3346 1571 3379 C'hremis
1607 3349 1859 3389 Umpfenbacli.
1900 3349 1966 3380 tide

130 3401 276 3443 Calliop.
304 3405 338 3434 et
362 3403 496 3444 aliquot
521 3404 797 3435 testimoniorum
832 3404 927 3435 nisus
953 3404 1091 3446 scripsit
1128 3408 1248 3436 eontra
1275 3405 1401 3437 testim.
1430 3408 1580 3448 excerpt.
1617 3405 1719 3438 Char.
1746 3417 1777 3450 p.
1805 3407 1870 3439 542
1899 3407 1966 3449 (Τ.)

131 3464 165 3492 et
189 3459 280 3491 Don-
