2321 3835
203 419 316 445 Phorm.

212 472 240 489 v.
260 465 319 490 863.

334 282 360 323 6
996 289 1193 320 Quaestiones
1212 290 1419 322 Terentianae,
1438 290 1461 322 1,
1481 291 1505 316 2.

564 417 601 460 2.
644 417 779 458 Venio
819 416 873 457 ad
915 416 1092 458 alterum
1139 416 1291 468 locum,
1338 415 1411 456 Ph
1427 431 1550 459 orm.
1593 433 1632 460 v.
1677 418 1770 468 863,
1825 420 1895 473 qui
1945 423 1991 458 ut
2042 415 2166 469 vulgo

337 487 534 528 scribitur

513 555 593 596 Ubi
623 557 664 597 in
689 570 929 610 gynaeceum
961 556 1020 595 ire
1051 555 1214 610 occipio,
1240 570 1350 610 puer
1381 555 1436 595 ad
1465 571 1526 596 me
1555 555 1739 596 adcurrit
1769 555 1901 606 Mida,

502 625 613 664 Pone
644 623 923 678 adprehendit
950 622 1095 678 pallio,
1126 624 1367 678 resupinat:
1397 625 1579 679 respicio,
1613 639 1719 679 royo,

512 691 645 739 Quam
675 692 720 733 ob
754 708 834 732 rem
864 693 1031 733 retineat
1061 707 1120 731 me

333 776 416 802 non
447 766 588 816 potest
619 761 728 801 omni
763 775 817 801 ex
848 765 966 815 parte
1002 759 1103 800 mihi
1125 759 1308 814 placere.
1341 759 1417 800 Est
1439 765 1579 800 autem
1602 758 1946 814 adprehendendi
1977 759 2170 812 verbum,

334 844 430 884 quo,
453 829 832 884 quotienscumque
854 828 966 868 hunc
987 842 1156 868 versum
1178 827 1274 881 legi,
1299 827 1482 868 offensus
1505 842 1611 868 sum.
1644 827 1769 880 Nam,
1793 834 1838 868 ut
1860 828 2034 882 mittam,
2057 827 2170 868 nullo

331 898 412 938 alio
444 897 537 938 loco
569 912 708 952 neque
740 896 854 951 apud
885 897 1126 938 Terentium
1159 910 1310 950 neque,
1354 895 1467 950 quod
1508 896 1651 947 sciam,
1698 895 1813 950 apud
1844 895 2041 937 Plautum
2092 896 2172 938 hoc

332 966 511 1007 verbum
544 967 698 1014 iterari,
731 965 813 1006 alia
843 964 1038 1016 formula,
1087 978 1169 1019 qua
1201 964 1293 1019 quis
1325 966 1366 1004 in
1399 964 1537 1005 eundo
1582 963 1651 1004 vcl
1692 963 1959 1018 properando
2002 965 2171 1006 retineri

334 1035 607 1088 significatur,
650 1033 889 1074 fabularum
934 1033 1118 1074 sermoni
1162 1038 1225 1073 est
1265 1033 1457 1087 propria3
1509 1048 1618 1088 quae
1662 1032 1932 1087 cognoscitur
1973 1047 2029 1073 ex
2067 1033 2172 1075 locis

333 1103 418 1144 his:
441 1103 555 1146 Trin.
579 1118 618 1145 v.
642 1103 724 1144 6⁶24
747 1103 812 1143 ville
831 1102 1089 1158 reprehendit
1109 1102 1212 1142 hunc
1226 1103 1409 1157 priorem
1424 1101 1556 1156 pallio
1565 1117 1583 1152 ;
1605 1102 1692 1142 Mil.
1717 1101 1771 1155 gl.
1796 1102 1850 1141 (30
1877 1100 1967 1155 (56)
1988 1100 2049 1141 vel
2067 1101 2173 1154 illae,

331 1188 436 1227 qnae
466 1173 555 1212 heri
578 1171 707 1226 pallio
738 1187 799 1211 me
827 1170 1194 1226 reprehenderim&
1245 1169 1372 1224 Epid.
1407 1169 1436 1221 I,
1474 1173 1507 1222 l,
1541 1173 1575 1223 1,
1608 1170 1683 1222 al.;
1730 1170 1840 1210 idem
1883 1169 1998 1210 valet
2038 1169 2174 1210 solum

332 1240 618 1296 reprehendere
648 1239 688 1279 in
720 1238 876 1280 Pseud.
908 1255 947 1280 v.
975 1239 1058 1280 240
1089 1239 1336 1294 reprehende
1366 1240 1585 1280 hominem:
1618 1240 1846 1294 adsequere.
1879 1237 2017 1293 Magis
2049 1238 2175 1279 etiam

330 1309 370 1348 in
403 1307 578 1348 dubium
611 1313 789 1348 vocatur
819 1308 1021 1348 usitatum
1053 1306 1399 1362 adprehendendi
1444 1309 1620 1349 verbum
1667 1308 1872 1350 librorum
1918 1322 2017 1350 mss,
2060 1309 2172 1348 testi-

331 1377 502 1429 moniis,
545 1375 816 1432 Calliopianis
861 1377 969 1417 enim
1015 1375 1232 1417 codicibus
1274 1377 1428 1429 nititur,
1482 1393 1578 1418 cum
1620 1377 1812 1418 Bembini
1860 1378 1998 1432 prima
2048 1392 2175 1417 manu

331 1446 605 1487 confirmetur
637 1446 902 1501 reprehendit.
936 1445 1032 1486 Hoc
1062 1444 1240 1487 verbum
1274 1460 1400 1487 manu
1432 1447 1591 1487 recenti
1624 1447 1740 1503 (XV.
1772 1445 1947 1502 saeculi)
1979 1446 2176 1486 Bembini

332 1521 373 1556 et
403 1516 443 1556 in
478 1513 672 1570 Calliopii
702 1514 818 1555 libris
850 1530 949 1556 mss.
995 1514 1145 1555 eadem
1179 1515 1229 1555 de
1274 1530 1401 1556 causa
1446 1522 1651 1557 mutatum
1700 1521 1775 1567 est,
1828 1530 1912 1571 qua
1955 1515 1998 1555 in
2042 1515 2175 1557 Andr.

331 1600 371 1626 v.
406 1586 488 1626 353
515 1584 799 1640 prehendendi
827 1584 1004 1626 verbum
1035 1583 1226 1639 simplex,
1261 1585 1371 1639 quod
1406 1586 1444 1625 in
1479 1585 1694 1626 codicibus
1724 1585 1783 1629 C¹
1809 1586 1856 1629 G
1889 1590 1930 1624 et
1961 1599 1985 1625 a
2005 1583 2173 1625 Donato

331 1660 546 1694 servatum
578 1654 658 1694 iam
693 1653 853 1694 dudum
885 1653 938 1694 ab
972 1653 1203 1694 editoribus
1237 1660 1299 1695 cst
1320 1661 1552 1710 receptum,
1585 1656 1627 1696 in
1659 1656 1809 1696 ceteris
1834 1653 2028 1709 Calliopii
2058 1652 2174 1694 libris

328 1739 426 1766 mss.
460 1723 738 1778 depravatum
775 1729 837 1763 est
868 1725 907 1763 in
941 1724 1335 1779 adprehendendnnz.
1378 1723 1506 1766 Cuius
1540 1725 1780 1765 mutationis
1814 1725 1930 1778 origo
1962 1722 2085 1764 nobis
2117 1737 2173 1763 ex

330 1792 538 1833 simillimo
572 1792 679 1844 loco,
712 1792 842 1834 Haut.
875 1793 960 1834 tim.
993 1808 1033 1835 v.
1067 1793 1163 1844 509,
1215 1794 1439 1834 manifesta
1490 1794 1547 1846 fit,
1600 1795 1671 1835 ubi
1721 1793 1919 1835 Bembini
1967 1792 2176 1847 scriptura

638 1862 770 1917 Syrus
801 1870 856 1904 est
878 1862 1189 1918 prehendendam
1220 1870 1338 1918 atque
1369 1864 1648 1905 adhortandas
1678 1866 1800 1915 mihi,

330 1932 539 1987 quomodo
570 1932 612 1972 in
646 1931 824 1987 Calliop.
859 1931 1052 1973 codicum
1084 1932 1305 1973 lectionem

594 2002 728 2058 Syrus
761 2009 815 2042 est
845 2002 1230 2057 ddprehendendns
1263 2010 1380 2058 atque
1412 2003 1695 2044 adhortandus
1726 2004 1827 2044 mihi

330 2069 494 2121 abierit,
526 2070 651 2111 facile
682 2070 937 2124 intellegitur
970 2086 1024 2111 ex
1055 2071 1252 2112 Bembini
1284 2071 1466 2124 scholiis,
1513 2072 1553 2112 in
1586 2071 1739 2127 quibus
1772 2072 1826 2112 ad
1857 2072 1969 2113 hunc
2002 2087 2175 2113 versum

330 2139 530 2180 adnotata
579 2140 758 2194 legimus
802 2139 1135 2197 prehendendns]
1186 2141 1292 2181 deest
1343 2140 1436 2192 ‘ad'‚
1487 2142 1556 2182 sed
1607 2141 1691 2182 ideo
1737 2143 2027 2197 praetermisit,
2079 2143 2178 2197 qnia

331 2210 517 2251 dicturus
549 2217 635 2251 erat
668 2211 992 2252 ‘adlzortand'nsfi
1042 2210 1269 2266 Antiquior
1310 2209 1473 2251 scilicet
1517 2216 1557 2251 et
1593 2209 1932 2266 reprehendendi
1978 2212 2090 2251 notio
2135 2216 2177 2250 et

329 2277 622 2334 prehendendi
643 2277 779 2319 forma
809 2294 833 2319 a
864 2279 1144 2334 posteriorum
1177 2284 1416 2334 temporum
1449 2294 1527 2320 usu
1560 2278 1719 2320 alienae
1751 2279 2003 2334 plerumque
2025 2278 2174 2334 pulsae

330 2352 427 2388 sunt
474 2347 746 2388 usitatissimo
780 2347 1125 2403 adprehendendi
1158 2347 1300 2399 verbo,
1353 2348 1468 2404 quod
1499 2349 1680 2404 primum
1712 2347 2014 2404 interpretandi
2045 2362 2175 2388 causa

331 2430 459 2470 supra
491 2431 658 2456 versum
681 2416 748 2457 vel
769 2417 810 2457 in
834 2417 1022 2472 margine
1043 2417 1268 2472 ascriptum
1293 2423 1380 2457 tum
1404 2418 1444 2457 in
1466 2418 1557 2472 ipsa
1575 2423 1727 2472 poetae
1750 2416 1881 2457 verba
1902 2416 2174 2458 inferebatur.

502 2485 593 2525 Iam
625 2485 965 2540 reprehendendi
998 2485 1129 2527 verbo
1162 2492 1335 2541 recepto
1368 2501 1494 2542 quam
1528 2485 1751 2527 artificiose
1784 2492 1823 2526 et
1856 2491 2032 2526 venuste
2062 2484 2175 2526 hunc

330 2553 468 2594 locum
501 2553 798 2596 allitteratione
829 2555 1054 2596 Terentius
1087 2555 1366 2606 exornaverit,
1399 2555 1544 2596 videas
1578 2569 1734 2610 quaeso

1205 2639 1313 2679 puer
1346 2625 1401 2664 nd
1429 2640 1489 2665 me
1521 2624 1702 2665 adcurrit
1731 2624 1866 2673 Mida,

635 2693 744 2733 Pone
775 2693 921 2748 repre(
920 2693 1079 2748 he)ndit
1107 2693 1247 2748 pallio,
1281 2694 1516 2748 resupinat:
1547 2694 1731 2748 respicio,
1764 2708 1870 2748 rogo,

645 2760 777 2809 Quam
808 2763 957 2803 obrem
988 2763 1159 2802 retineat
1190 2777 1263 2802 me.

506 2841 572 2882 Ita
603 2840 887 2896 pulcherrime
920 2842 1060 2882 omnia
1101 2841 1272 2882 alterius
1315 2856 1462 2882 versus
1493 2839 1704 2881 vocabula
1735 2840 1993 2894 singularum
2028 2856 2171 2883 conso—

332 2911 522 2950 nantium
551 2909 617 2950 vel
651 2909 908 2964 syllabarum
932 2911 1165 2965 primarum
1200 2916 1408 2951 concentu
1439 2910 1545 2950 inter
1567 2924 1612 2949 se
1633 2915 1869 2950 nectuntur.
1903 2910 2062 2964 Aperte
2094 2910 2173 2951 hoc

334 2977 427 3018 loco
452 2978 548 3020 Ter.
572 2994 617 3019 re
639 2977 829 3033 syllabae
861 2979 1109 3033 repetitione
1141 2978 1260 3031 ludit,
1294 2992 1418 3033 quam
1451 2977 1709 3031 gravissimis
1743 2978 1886 3019 verbis
1917 2981 2171 3034 praeposuit.

340 3046 532 3087 Eandem
566 3046 771 3102 syllabam
795 3062 919 3102 quain
942 3046 1124 3088 libenter
1145 3046 1199 3087 ad
1222 3046 1558 3086 allitterationem
1580 3045 1846 3086 efficiendam
1866 3046 1935 3088 hic
1959 3049 2173 3104 ceterique

338 3115 563 3169 scriptores
594 3117 719 3171 prisci
751 3115 1036 3167 adhibuerint,
1085 3130 1137 3155 ex
1168 3115 1310 3155 talium
1345 3113 1636 3169 exemplorum
1674 3116 1797 3170 copia
1817 3116 2084 3172 intellegitur,
2119 3133 2173 3158 ex

339 3197 423 3238 qua
454 3198 593 3238 pauca
624 3185 817 3239 profero:
867 3184 929 3225 Pl.
962 3184 1077 3225 Trin.
1114 3184 1222 3225 1015
1255 3185 1381 3238 recipe
1411 3190 1445 3224 te
1487 3190 1521 3223 et
1550 3198 1713 3224 recurre
1747 3191 1884 3239 petere
1922 3201 1965 3225 re
2000 3188 2172 3238 recenti,-

337 3252 497 3292 Bacch.
532 3254 613 3294 633
644 3253 810 3308 reppuli
837 3255 1034 3308 reiecique
1064 3254 1259 3294 hominem
1269 3268 1285 3304 ,·
1317 3252 1412 3293 Ter.
1436 3252 1566 3294 Haut.
1590 3252 1677 3293 tim.
1701 3253 1782 3293 946
1814 3254 1900 3293 eins
1922 3255 2168 3295 solimanni·—

335 3320 561 3371 retundam,
596 3321 797 3375 redissam;
829 3322 937 3364 Eun.
963 3323 1043 3363 746
1074 3322 1242 3363 reddere
1262 3337 1308 3361 ac
1331 3323 1557 3372 restitnere;
1589 3319 1771 3374 Adelph.
1796 3322 1875 3362 307
1910 3338 2029 3376 neque
2061 3323 2172 3365 illum

337 3389 611 3430 misericordia
639 3392 827 3444 repressit
849 3406 970 3445 neque
991 3391 1170 3445 refleoeit,·
1204 3389 1339 3431 Lucil.
1362 3389 1445 3430 566
1469 3389 1583 3443 (La.)
1605 3389 1755 3429 redisse
1785 3405 1832 3430 cce
1866 3390 2082 3444 repedasse,
2117 3392 2168 3436 al,

337 3455 546 3511 Denique,
584 3471 634 3498 ne
678 3458 770 3512 quis
812 3458 918 3499 forte
959 3459 1000 3499 in
1041 3457 1261 3500 vocabulis
1302 3473 1407 3514 pone
1451 3462 1491 3498 et
1523 3458 1775 3512 reprehendit
1805 3458 1954 3500 iunctis
1987 3459 2170 3515 haereat,
