2321 3835
243 224 297 264 24
894 232 1094 264 Quaestiones
1114 232 1320 264 Terentianae,
1340 231 1393 264 111,
1413 231 1439 258 7.

243 374 532 416 expresseque
577 358 745 400 dicendi
786 365 826 400 et
856 358 1109 400 adumbrata
1144 364 1269 415 atque
1302 358 1486 400 obscura
1516 358 1702 414 fugiendi
1733 372 1826 399 esse
1859 356 2086 399 obsecutos

245 428 470 470 nonnullis.
486 428 690 484 exemplis
719 427 950 471 illustrabo,

417 500 482 539 Ac
525 498 802 540 Graecam
836 497 1004 553 quidem
1037 496 1102 539 vel
1133 498 1401 553 peregrinam
1432 498 1472 539 in
1506 497 1719 538 Graecum
1752 510 1991 538 sermonem
2023 511 2087 538 re-
2100 488 2113 491 ⁴⁷

247 572 413 623 ceptam
457 581 604 608 vocem
652 565 784 607 verbo
827 566 1031 606 Latino
1073 565 1271 607 addito
1315 566 1621 622 explanari
1667 565 1848 606 arbitror
1878 566 1919 606 in
1950 563 2085 605 Lucil.

251 642 326 677 sat.
360 651 399 677 v.
433 637 513 678 627
546 637 736 677 *insanum
766 642 918 686 vocant,
951 650 1068 690 quem
1097 634 1263 676 maltam
1305 651 1351 676 ac
1380 636 1586 690 feminam
1629 635 1714 676 dici
1756 634 1915 686 videut;
1961 631 2092 673 malta
2135 634 2139 638 ’

249 704 336 761 (vel
376 704 546 758 maltha,
590 705 614 745 i.
648 720 682 746 e.
718 704 874 758 μάλθα)
907 702 1145 758 explicatur
1176 718 1201 743 a
1231 703 1339 744 Non.
1372 718 1411 757 p.
1445 703 1513 755 37,
1546 702 1570 743 8
1601 702 1748 743 multas
1779 708 1925 744 vete-res
1953 700 2088 743 molles

245 774 455 830 appellari
483 773 707 824 voluerunt,
740 789 767 814 a
794 772 962 823 Graeco,
995 773 1115 828 quasi
1136 770 1369 813 malacusffl.
1404 770 1514 811 Tum
1546 772 1629 811 huc
1658 770 1930 811 referendum
1961 775 2086 826 puto:

247 842 383 883 Plaut.
415 842 547 885 Stich.
582 843 659 884 641
686 842 799 883 More
820 843 889 882 hoc
905 842 959 895 fit
990 848 1107 896 atque
1137 840 1254 881 stulte
1284 856 1370 881 meu
1401 841 1611 890 sententia,
1646 845 1687 879 et
1719 839 1833 894 quod
1855 839 1972 882 Brix.
1995 845 2090 896 post

248 911 515 967 Geppertum
549 926 603 952 ex
630 911 882 966 optimorum
907 908 1030 950 codd.
1055 909 1263 963 scriptura
1284 907 1564 964 probabiliter
1586 909 1628 948 in
1649 907 1736 949 Mil.
1761 907 1816 962 gl.
1838 909 1921 950 370
1943 907 2090 950 scribit

244 980 331 1036 Eyo
361 981 485 1022 stulta
515 987 551 1021 et
579 995 694 1021 mora
723 979 891 1020 multum
924 984 964 1019 et
994 977 1153 1018 Ritsch.
1185 992 1281 1018 cum
1304 977 1452 1020 Herm.
1484 978 1524 1018 in
1548 977 1703 1018 Bacch.
1734 978 1842 1019 1089
1873 977 1997 1019 Solus
2028 993 2094 1033 eqo

245 1050 373 1091 omnis
405 1048 513 1105 lonqe
545 1050 703 1090 antideo
724 1047 897 1088 stultitia
921 1054 956 1088 et
977 1047 1154 1087 moribus
1176 1048 1296 1087 moris
1307 1062 1323 1097 ,·
1357 1045 1509 1101 quibus
1533 1046 1637 1086 locis
1659 1061 1802 1087 morus
1824 1045 1938 1088 valet
1960 1048 2093 1101 μωρὸς

247 1117 318 1174 (cf.
352 1117 526 1173 Hispan.
558 1119 727 1170 muro-io,
770 1116 863 1157 Ital.
896 1117 1050 1171 moqio).
1104 1114 1200 1156 Hoc
1242 1114 1499 1156 adiectivuin
1543 1116 1666 1156 etiam
1709 1129 1791 1156 non
1834 1114 1978 1155 addito
2010 1113 2093 1157 adi.

247 1186 398 1228 stultus
420 1186 536 1242 apud
556 1185 755 1226 Plautum
777 1185 1000 1237 invenitur,
1032 1184 1107 1225 sed
1129 1191 1215 1225 tum
1240 1185 1486 1240 saepissime
1509 1185 1549 1225 in
1571 1185 1921 1240 agnominationis
1943 1183 2094 1239 figura,

247 1271 355 1311 quae
400 1256 645 1311 interposito
693 1255 763 1296 illo
811 1254 891 1295 adi.
938 1253 1149 1295 deleretur
1199 1254 1328 1309 (Men.
1371 1254 1451 1296 571
1497 1270 1558 1310 sq.
1606 1270 1794 1296 maoeume
1839 1269 1944 1295 more
1983 1269 2094 1294 moro

243 1325 478 1381 molestoque
523 1325 702 1376 multum,
757 1323 871 1365 Trin.
920 1323 1001 1364 669
1051 1339 1178 1364 mores
1224 1325 1427 1365 homiuum
1473 1339 1599 1365 moros
1649 1331 1683 1364 et
1732 1339 1908 1364 morosos
1958 1324 2091 1379 efficit,

244 1393 330 1436 Mil.
363 1393 418 1448 gl.
444 1394 526 1436 67⁵2
563 1393 648 1434 PL.
680 1392 734 1433 At
764 1394 841 1434 tibi
869 1396 979 1433 tanto
1009 1394 1194 1448 sumptui
1223 1408 1304 1434 esse
1334 1394 1437 1434 milti
1456 1393 1709 1434 molestumst.
1748 1392 1830 1433 PE.
1853 1392 1997 1433 Morus
2018 1391 2092 1447 es).

416 1475 514 1516 Pari
545 1474 632 1515 fere
676 1472 802 1514 modo
844 1472 1156 1514 vocabulis
1200 1473 1375 1514 semel
1421 1473 1507 1515 vel
1549 1474 1736 1514 rarius
1782 1474 2095 1528 usurpatis

246 1543 465 1584 usitatiora
495 1558 546 1584 ac
576 1543 674 1583 trita
705 1541 963 1583 adiciuntur:
987 1543 1146 1585 Paeuv.
1179 1544 1262 1584 386
1297 1545 1515 1595 inciemem,
1541 1544 1848 1584 inmzcmsuetum
1868 1550 1903 1583 et
1921 1544 2094 1599 ferum‚·

246 1612 381 1654 Plaut.
426 1612 535 1653 Rud.
582 1613 689 1654 1404
733 1610 819 1653 nolo
860 1628 927 1668 eyo
967 1612 1271 1654 ‘murmurillum
1312 1629 1436 1668 neque
1478 1613 1815 1666 susurrzmifleri
1844 1610 1967 1665 (illud
1998 1611 2095 1652 sub-

247 1682 474 1722 stantivum
515 1681 596 1722 hoc
628 1681 715 1721 solo
748 1680 840 1722 loco
874 1682 1078 1737 scriptum
1112 1681 1310 1736 legitur);
1346 1681 1467 1736 Capt.
1503 1682 1583 1722 718
1617 1682 1737 1736 (715)
1769 1697 1901 1722 ‘recens
1931 1688 2094 1737 captum

246 1751 454 1802 homiuem,
490 1767 689 1808 nuperum
720 1758 753 1792 et
786 1753 993 1793 novicium.
1041 1751 1240 1805 Nuperus
1274 1751 1343 1805 (cf.
1389 1750 1522 1792 Prisc.
1556 1750 1636 1802 Ill,
1669 1752 1707 1802 3,
1740 1751 1795 1791 20
1826 1756 1868 1791 et
1899 1749 2020 1802 XIV,
2054 1751 2094 1801 3,

246 1819 319 1874 38)
351 1819 608 1861 adiectivum
641 1820 750 1862 Non.
783 1836 823 1876 p.
860 1821 938 1862 143
977 1835 1053 1876 pro
1086 1821 1244 1861 recenti
1277 1821 1460 1875 positum
1494 1835 1588 1861 esse
1621 1819 1734 1863 dicit.
1783 1820 1854 1861 Sic
1887 1825 2017 1872 certe,
2050 1825 2098 1860 ut

248 1903 302 1929 ex
344 1889 600 1945 etymologia
643 1890 839 1931 vocabuli
883 1896 923 1931 et
963 1889 1043 1931 loci
1088 1890 1294 1930 sententia
1336 1888 1605 1944 intellegitur,
1647 1891 1681 1930 is
1723 1888 1978 1945 appellatur,
2026 1890 2096 1944 qui

247 1973 385 2014 nuper
417 1973 562 2000 servus
595 1958 732 1999 factus
757 1965 818 1999 est
851 1959 916 2000 vel
942 1974 1077 2014 nuper
1099 1960 1139 2000 in
1173 1958 1329 2000 domini
1362 1958 1533 1999 domum
1565 1959 1692 2012 venit,
1727 1958 1842 2014 quod
1873 1957 1982 1999 idem
2006 1959 2095 1999 fere

248 2027 338 2068 aliis
382 2027 484 2069 locis
529 2027 755 2082 significari
798 2028 905 2069 solet
948 2028 1154 2069 adiectivo
1199 2028 1332 2070 altero
1377 2029 1567 2069 novicius
1617 2030 1674 2082 (v,
1719 2029 1816 2070 Ter.
1861 2027 1971 2070 Eun.
2010 2029 2094 2070 582

250 2098 429 2139 noviciae
453 2097 642 2152 puellam
685 2097 821 2138 Varro
855 2098 902 2138 L.
936 2097 986 2138 L.
1020 2097 1137 2151 VIII,
1170 2100 1194 2139 6
1227 2100 1347 2140 etiam
1381 2099 1529 2140 novicii
1568 2100 1676 2140 servi
1711 2100 1835 2154 empti
1871 2100 1913 2140 iu
1948 2113 2099 2154 muyna

247 2166 442 2218 familia‚·
483 2165 567 2207 Cis.
610 2166 692 2207 Pis.
740 2168 775 2218 1,
810 2168 855 2220 13
888 2167 1058 2209 Petron.
1096 2168 1208 2222 139).
1271 2166 1543 2208 Adiectivum
1578 2167 1682 2208 illud
1714 2182 1739 2208 a
1768 2167 1932 2219 Plauto,
1966 2173 2012 2207 ut
2043 2182 2099 2207 ex

250 2235 500 2290 fragmentis
517 2235 750 2276 litterarum
781 2236 1044 2288 Latinarum,
1078 2251 1187 2291 quae
1220 2236 1273 2277 ad
1305 2243 1492 2278 nostram
1516 2237 1763 2277 memoriam
1795 2242 2097 2292 pervenerunt,

251 2305 417 2345 coicere
470 2303 590 2345 nobis
634 2304 742 2357 licet,
786 2311 987 2346 novatum
1032 2307 1225 2361 sequenti
1266 2306 1539 2346 usitatissimo
1585 2306 1703 2361 quasi
1751 2305 1988 2361 explicatur
2030 2304 2099 2346 vel

254 2373 493 2414 accuratius
526 2373 736 2415 definitur.
802 2374 927 2430 Apud
960 2381 1122 2416 ceteros
1155 2375 1381 2430 scriptores
1406 2375 1579 2416 Latinos
1611 2381 1782 2430 praeter
1813 2389 2022 2430 nuperum
2058 2381 2100 2416 et

252 2442 494 2497 nuperrime
538 2441 713 2497 (Cornif.
761 2442 815 2483 ad
858 2442 959 2485 Her.
1004 2443 1086 2496 ΙΙΙ,
1130 2444 1192 2496 10,
1228 2444 1297 2498 18)
1330 2444 1568 2485 invenimus
1600 2445 1867 2499 nuperrimus
1908 2445 1948 2485 in
1982 2444 2090 2499 Imp.

254 2510 469 2554 Constant.
513 2511 603 2552 eod.
646 2511 855 2552 Theodos.
888 2512 985 2564 XV,
1021 2515 1057 2566 1,
1101 2513 1127 2552 4
1159 2515 1439 2568 eoeperimentis
1471 2515 1729 2569 nuperrimis.
1762 2538 1817 2544 —
1848 2513 2014 2555 Deinde
2057 2514 2098 2554 in

253 2579 360 2622 Enn.
402 2585 509 2634 trag.
552 2580 635 2621 370
679 2580 788 2636 (Va,
833 2581 914 2622 283
957 2580 1057 2637 Rb.)
1090 2581 1230 2622 verbis
1281 2590 1420 2624 vestem
1460 2583 1647 2638 squalam
1678 2590 1712 2623 et
1743 2583 1952 2624 sordidam
1982 2583 2098 2637 prius

252 2664 404 2690 nomen
434 2648 584 2691 adieet.
615 2648 717 2696 ἅπαξ
749 2648 947 2704 εἰρημένον
982 2657 1054 2692 est.
1116 2650 1226 2691 Tum
1257 2652 1295 2692 in
1329 2652 1458 2694 Andr.
1494 2652 1577 2694 647
1612 2667 1673 2708 sq.
1708 2654 1791 2693 nisi
1818 2668 1877 2693 me
1909 2652 2097 2693 lactasses

254 2726 454 2760 cantante-m
493 2725 528 2759 et
564 2718 690 2773 falsa
733 2734 803 2774 spe
834 2719 1076 2774 produceres
1119 2719 1274 2761 laetare
1317 2720 1428 2761 idem
1460 2720 1574 2762 valet
1606 2736 1656 2762 ac
1688 2721 1823 2777 (falsis
1855 2722 2093 2777 promissis)

254 2786 476 2840 ludificari,
511 2785 720 2842 decipere.
755 2787 817 2829 Cf.
850 2787 950 2830 ibid.
985 2789 1067 2829 910
1099 2804 1160 2843 sq.

1092 2876 1186 2910 tune
1217 2871 1279 2910 liic
1310 2871 1483 2911 homiues
1514 2870 1826 2912 adulescentulos

594 2938 795 2992 Imperitos
827 2953 974 2988 rerum.
1008 2938 1164 2979 eductos
1196 2938 1329 2989 libere,
1365 2940 1401 2979 in
1426 2939 1631 2994 fraudem
1664 2939 1829 2980 inticis?

598 3006 863 3048 Sollicitando
893 3015 927 3048 et
953 3007 1214 3063 pollicitando
1248 3024 1378 3048 eorum
1414 3009 1568 3049 animos
1600 3008 1758 3049 lactas!

257 3087 376 3128 Idem
397 3102 491 3128 cum
513 3087 672 3128 rariore
704 3089 828 3128 etiam
859 3087 1039 3129 vanandi
1070 3087 1202 3129 verbo
1236 3088 1515 3143 compositum
1549 3095 1610 3128 est
1641 3089 1753 3143 apud
1775 3090 1876 3130 Ace.
1911 3096 2016 3145 trag.
2041 3091 2095 3132 66

257 3163 414 3197 tantum
463 3164 507 3197 ¹ut
544 3157 793 3212 frustrando
842 3157 1011 3210 lactans,
1064 3172 1219 3199 vanans
1263 3159 1511 3213 protralzas;
1581 3157 1661 3198 hoc
1712 3157 1803 3198 loco
1856 3160 2096 3214 praeposito

395 3294 435 3335 5⁷)
460 3304 529 3325 non
553 3305 693 3335 prorsus
719 3294 858 3327 diversa
898 3306 973 3327 esse
1010 3296 1175 3328 videntur
1211 3298 1319 3328 verba
1356 3298 1391 3327 in
1430 3295 1586 3327 eiusdem
1614 3301 1676 3327 sat.
1703 3298 1779 3336 435,
1817 3300 1855 3328 ut
1883 3307 1924 3328 ea
1948 3297 2098 3328 Rothius

261 3351 410 3381 correxit
444 3362 538 3384 sacer
570 3351 624 3383 ille
656 3350 870 3391 τοκογλιῗιιος
905 3365 943 3384 ac
975 3353 1220 3395 Syrophoeniae,
1254 3357 1287 3385 et
1318 3364 1350 3386 v.
1383 3355 1448 3385 «302
1479 3355 1508 3384 si
1534 3353 1624 3394 quod
1650 3353 1781 3386 verbum
1815 3355 2009 3386 inusitatum
2042 3359 2099 3386 aut

260 3409 464 3440 zetematizcm
489 3408 705 3450 offenderam.
